2859 4342
647 395 728 454 82
1019 392 1418 458 MUNDUS
1477 396 1788 458 ALTER
1851 396 1966 459 ET
2027 395 2256 458 IDEM
2379 396 2536 478 [LIB.
2575 416 2651 459 ιν

646 552 858 630 potius
921 573 1151 615 nomen
1224 564 1542 616 mereatur
1605 564 1683 629 et,
1748 555 1916 633 quod
1985 556 2067 617 de
2131 556 2287 618 urbe
2356 558 2647 636 quadam

648 650 896 726 Strabo,
951 651 1032 713 ad
1090 652 1528 715 rebellandum
1580 672 1769 731 quam
1821 653 1904 714 ad
1959 653 2370 716 habitandum
2427 656 2651 736 aptior

645 749 951 813 videatur.

732 849 807 910 In
852 849 1114 911 istorum
1159 870 1455 913 sermone
1499 851 1808 930 quaedam
1856 849 2132 913 Wallica
2173 852 2490 914 vocabula
2534 875 2647 915 no·

590 969 618 1019 5
646 947 787 1021 tavi,
824 947 995 1027 quod
1035 969 1154 1028 ego
1195 969 1274 1011 ex
1320 947 1555 1027 ignotis
1596 948 1968 1010 nostratium
2011 949 2651 1030 peregrinationibus

646 1046 874 1108 sactum
906 1045 1249 1108 iudicarim.

729 1142 1208 1206 Larcinensium
1251 1146 1527 1225 populus
1572 1145 1826 1226 quidem
1878 1146 2031 1209 satis
2083 1167 2468 1210 numerosus
2524 1160 2647 1227 est,

645 1242 1001 1322 respublica
1050 1243 1244 1305 nulla.
1334 1242 1473 1304 Sibi
1532 1243 1801 1325 quisque
1852 1265 1923 1306 se
1974 1256 2190 1307 natum
2243 1256 2458 1326 putat;
2522 1248 2652 1310 sibi

645 1340 764 1403 soli
806 1342 995 1420 vivit;
1055 1342 1174 1404 sibi
1219 1343 1650 1423 obtemperat;
1709 1353 2077 1424 tantumque
2113 1345 2400 1426 possidet
2445 1367 2653 1426 quan·

563 1457 622 1493 10
646 1448 777 1502 tum
819 1440 1096 1521 diripere
1140 1441 1366 1521 quovis
1411 1442 1604 1503 modo
1634 1442 1838 1522 possit
1869 1453 2247 1524 raptumque
2276 1445 2651 1522 custodire;

646 1559 895 1619 quoque
952 1539 1274 1620 potentior
1331 1540 1473 1620 quis
1532 1542 1735 1603 factus
1794 1551 1892 1603 est
1950 1562 2026 1603 eo
2083 1542 2288 1623 magis
2344 1542 2652 1618 timetur;

645 1658 848 1718 eoque
889 1638 1177 1719 pluribus
1216 1659 1345 1701 non
1375 1649 1503 1700 tam
1546 1638 1818 1701 subditis
1848 1661 2037 1720 quam
2070 1641 2403 1721 mancipiis
2443 1643 2652 1705 dorni-

646 1746 850 1800 natur.

732 1835 808 1896 In
858 1847 1062 1899 certas
1111 1836 1379 1899 familias
1426 1837 1906 1918 distinguuntur
1956 1837 2236 1914 incolae;
2302 1858 2464 1917 quae
2521 1838 2650 1900 sin·

562 1951 619 1999 15
646 1935 832 2014 gulae
890 1934 1104 2015 stirpis
1166 1956 1320 1997 suae
1390 1935 1832 2016 potentissimo
1904 1936 2195 1998 volentes
2266 1937 2650 2000 oboediunt.

649 2033 1127 2095 Contribulibus
1171 2034 1305 2096 suis
1348 2035 1548 2114 parcit
1588 2035 1858 2115 quisque
1899 2047 1960 2096 et
1999 2035 2317 2111 adhaeret,
2353 2035 2654 2116 reliquos

645 2152 866 2195 omnes
909 2132 1227 2195 liberrime
1285 2134 1534 2213 spoliat.
1620 2134 1871 2196 Abhinc
1929 2133 2035 2194 diu
2096 2134 2407 2196 exhausta
2468 2147 2655 2198 esset

643 2232 869 2293 horum
920 2231 1386 2294 incursionibus
1445 2244 1713 2313 utraque
1774 2232 2087 2309 Moronia,
2151 2231 2214 2292 ni
2271 2233 2655 2312 sagaciores

644 2330 943 2410 praefecti
989 2350 1131 2392 cum
1176 2329 1465 2393 libertate
1510 2330 1778 2393 salutern
1820 2331 1900 2392 ab
1931 2330 2227 2391 omnibus
2256 2329 2654 2394 familiarum

561 2448 623 2484 20
647 2429 912 2492 ducibus
942 2450 1171 2510 magna
1199 2429 1335 2491 auri
1366 2429 1427 2491 vi
1458 2428 1801 2510 quotannis
1832 2429 2274 2491 redemissent.

732 2527 964 2590 Forma
1007 2527 1294 2609 corporis
1339 2528 1495 2590 nihil
1542 2529 1675 2590 fere
1720 2548 1758 2590 a
1800 2526 2042 2590 nostris
2084 2527 2465 2607 discrepant,
2523 2522 2654 2592 n'isi

647 2628 815 2707 quod
877 2647 1118 2705 omneS,
1179 2627 1463 2707 exceptis
1531 2626 1934 2704 insularibuS‚
1996 2625 2262 2690 aduncis
2318 2626 2657 2706 unguibus

647 2725 773 2788 sint
822 2737 882 2788 et
933 2726 1114 2806 quasi
1166 2724 1565 2806 accipitrinis,
1614 2725 1678 2787 id
1730 2727 1902 2806 quod
1959 2723 2293 2788 Laverniis
2341 2725 2657 2789 omnibus

648 2844 983 2886 commune
1012 2837 1126 2888 est.

560 2936 624 2988 25
735 2920 1106 2986 Montanam
1176 2933 1421 3004 partem
1496 2934 1762 3003 occupat
1835 2923 2014 2985 Gens
2085 2920 2474 2998 Sbanditica,
2548 2922 2656 2984 cui

648 3021 932 3083 umbram
977 3021 1231 3102 quidem
1276 3023 1673 3084 commodam
1713 3042 1788 3084 ac
1829 3022 2168 3083 salutarem
2213 3019 2479 3100 largitur
2525 3020 2659 3084 Bu·

647 3119 799 3182 tinia
868 3118 1083 3199 Silva;
1153 3119 1307 3202 prae
1380 3141 1504 3200 qua
1571 3121 1679 3182 illa
1743 3121 2213 3183 Germanorum
2285 3117 2652 3199 Hercynia,

645 3218 864 3281 decern
899 3219 1217 3282 latronum
1254 3218 1533 3280 millibus
1577 3219 1826 3299 stipata,
1860 3216 2277 3298 pomariolum
2307 3216 2658 3296 angustius

646 3327 753 3380 aut
782 3338 958 3380 mera
987 3317 1168 3397 quasi
1197 3336 1425 3397 saepes
1455 3316 1724 3379 videtur.

562 3432 623 3482 30
728 3416 955 3479 Castra
1032 3416 1133 3477 hic
1216 3414 1454 3496 passim
1539 3435 1780 3489 cernes,
1866 3435 1993 3476 non
2080 3413 2292 3476 hercle
2376 3413 2653 3475 nimium

648 3515 1001 3596 splendida,
1035 3515 1150 3577 sed
1192 3525 1254 3576 et
1298 3515 1498 3576 multa
1541 3523 1604 3576 et
1647 3513 2088 3587 munitissima,
2121 3512 2187 3573 in
2231 3511 2464 3592 quibus
2505 3524 2656 3575 tuto

649 3615 873 3676 sedent
902 3611 1173 3676 familiae
1204 3611 1511 3692 cuiusque
1541 3611 1737 3690 ducis,
1765 3612 2192 3692 praedamque
2222 3630 2260 3671 a
2288 3608 2655 3673 vicinorum

650 3709 932 3790 periculo
1009 3720 1244 3773 sartam
1318 3719 1544 3771 tectam
1618 3718 2015 3784 conservant,
2092 3708 2242 3768 dum
2311 3706 2658 3786 plebecula
