2859 4342
333 435 480 478 CAP.
511 413 610 498 vl]
952 404 962 409 ”
1091 414 1566 479 CRAPULIA
2248 435 2323 496 13

335 574 614 655 ingluvie
639 594 861 654 parum
894 572 1294 654 profecerint,
1327 572 1622 634 exsulant
1652 572 1820 633 illico
1849 573 1913 634 in
1944 571 2322 633 Famelicam

339 673 643 750 Insulam,
695 673 848 753 quin
911 683 974 734 et
1038 672 1163 734 huc
1220 672 1587 751 relegantur
1638 670 1867 733 medici
1925 680 1988 733 et
2036 670 2325 751 quisquis

333 771 606 833 diaetam
636 770 929 850 cuiquam
961 769 1465 850 praescripserit.

417 870 729 950 Quisquis
757 880 1060 950 aegrotat,
1094 869 1501 950 quantumvis
1537 867 1897 949 refragante
1923 864 2321 948 Asclepiade,

335 968 687 1031 radiculam
731 968 877 1045 edit,
927 968 1098 1048 quod
1151 967 1323 1030 iubet
1367 967 1615 1042 CelsuS,
1665 977 1727 1028 et
1776 965 2034 1046 paulum
2085 966 2327 1028 calidae
2355 993 2383 1044 5

335 1067 593 1140 imbibit,
626 1066 904 1141 vomitat,
942 1076 1004 1128 et
1032 1077 1340 1147 purgatur
1371 1065 1559 1128 illico,

421 1165 472 1226 F
476 1165 657 1227 erina
712 1184 859 1226 caro
916 1164 1210 1226 maximis
1275 1163 1361 1225 ibi
1419 1163 1486 1224 in
1543 1162 1806 1238 deliciis,
1868 1183 2059 1243 quam
2114 1172 2326 1225 tamen

333 1263 673 1327 venatione
712 1273 965 1344 captare
1003 1272 1331 1343 nequeunt
1351 1283 1368 1340 ;
1412 1261 1656 1323 retibus
1690 1270 1934 1323 tantum
1974 1281 2045 1323 ac
2083 1260 2329 1340 laqueis

335 1363 557 1424 damas
603 1361 684 1423 ad
731 1381 803 1422 se
847 1361 1013 1423 ultro
1054 1360 1384 1427 venientes
1427 1359 1772 1439 implicant.
1856 1358 1990 1421 Sed
2034 1369 2098 1421 et
2146 1379 2329 1421 suem

336 1460 704 1522 animalium
734 1458 1018 1520 omnium
1047 1469 1110 1520 et
1138 1458 1542 1519 utilissimum
1574 1467 1869 1537 reputant
1906 1467 1970 1519 et
1999 1457 2321 1538 optimum,
2356 1487 2417 1524 10

337 1558 607 1621 fortasse
637 1558 721 1619 ob
747 1557 1068 1637 quandam
1098 1577 1348 1619 morum
1380 1555 1874 1631 similitudinem,
1898 1556 2069 1636 quod
2094 1567 2329 1619 norunt

337 1676 594 1719 mensae
625 1655 748 1717 soli
776 1677 816 1717 a
842 1666 1071 1717 natura
1099 1665 1551 1735 comparatum.

418 1754 493 1817 Si
532 1754 674 1834 quis
714 1754 793 1816 ad
833 1753 1236 1833 putredinem
1271 1773 1475 1832 usque
1503 1752 1957 1819 veltantillum
1996 1752 2118 1814 cibi
2157 1755 2324 1834 apud

335 1873 406 1915 se
462 1851 751 1927 servarit,
803 1851 1016 1913 statim
1068 1851 1377 1930 religatur
1424 1851 1506 1912 ad
1551 1850 1789 1929 palum,
1837 1861 2106 1931 excepto
2155 1853 2325 1932 quod

336 1951 603 2012 ferinam
647 1950 792 2012 licet
841 1970 1172 2038 reponere,
1222 1950 1427 2011 donec
1471 1948 1771 2029 lanugine
1814 1950 2089 2030 quadam
2132 1951 2326 2012 obdu·
2355 1979 2415 2030 ¹5

337 2059 552 2127 catur;
618 2040 698 2125 e't,
753 2049 925 2129 quod
974 2049 1083 2110 vix
1138 2068 1292 2129 prae
1352 2058 1586 2110 nautea
1638 2067 1992 2110 memorare
2039 2069 2323 2129 possum,

334 2166 590 2209 caseum
619 2147 815 2227 vulgo
845 2157 974 2209 tam
1005 2147 1113 2210 diu
1149 2156 1429 2224 servant,
1461 2146 1616 2207 dum
1643 2156 1814 2208 totus
1852 2146 1917 2207 in
1946 2147 2327 2209 vermiculos

336 2245 705 2322 resolvatur,
727 2256 793 2308 et
814 2255 948 2306 tum
965 2245 1241 2322 demum,
1264 2244 1409 2305 viva
1429 2244 1806 2306 animalcula
1826 2243 2017 2324 paulo
2041 2245 2325 2307 sacchari

334 2345 660 2424 adspersa,
712 2344 904 2405 nimis
960 2344 1146 2405 avide
1203 2353 1430 2404 vorant
1486 2342 1918 2405 delicatissimi
1976 2344 2323 2423 epulones;

334 2462 523 2523 quem
571 2462 728 2504 sane
784 2442 1133 2523 pessimum
1192 2460 1434 2503 morem
1486 2440 1765 2503 demiror
1814 2440 2176 2505 Germanos
2232 2442 2321 2503 in·
2350 2473 2415 2508 20

335 2539 598 2603 seriores
627 2539 814 2602 istinc
843 2549 1180 2603 mutuatos·

700 2786 865 2851 CAP.
898 2786 1061 2850 VII.
1147 2786 1375 2849 BELLA
1422 2786 1953 2851 PAMPHAGONUM

416 2938 572 3001 Cum
640 2938 897 3019 duplice
960 2937 1218 3019 quidem
1282 2936 1470 2998 hoste
1538 2936 2024 3019 Pamphagones
2088 2941 2323 3004 bellum

333 3057 588 3117 semper
642 3047 892 3117 gerunt,
946 3034 1346 3098 Insularibus
1398 3033 1736 3100 Famelicis
1790 3037 1926 3101 sive
1973 3038 2323 3118 Hambriis,

334 3145 395 3196 et
426 3134 477 3195 F
483 3134 816 3216 rugioniis.

416 3231 698 3295 Narrant
771 3232 1072 3296 historiae
1140 3231 1509 3309 Hambrios,
1577 3231 1736 3296 inito
1803 3254 1946 3296 cum
2010 3234 2322 3299 Larciniis
2349 3263 2411 3314 ²5

336 3328 610 3408 foedere,
671 3341 908 3394 terram
967 3331 1135 3393 hanc
1199 3329 1513 3393 invasisse
1574 3332 1854 3413 saepius,
1912 3334 2112 3396 semel
2166 3355 2321 3397 vero

331 3428 582 3508 vicisse,
614 3450 743 3510 quo
769 3439 1056 3510 tempore
1086 3430 1335 3492 incolae
1373 3428 1454 3491 sil
1499 3428 1554 3490 is
1592 3441 1656 3492 et
1693 3431 1905 3494 caveis
1942 3433 2322 3513 quibusdam

331 3528 763 3591 subterraneis
792 3529 1025 3591 misere
1055 3547 1203 3591 sese
1231 3528 1630 3606 abdiderunt,
1658 3531 1864 3592 donec
1890 3529 2013 3592 loci
2044 3531 2322 3608 numina,

331 3626 627 3707 precibus
696 3626 952 3689 illorum
1009 3627 1303 3706 votisque
1373 3629 1632 3689 tandem
1697 3638 2032 3707 commota,
2091 3650 2324 3692 novam

331 3734 586 3805 gentem
635 3725 772 3787 suis
828 3724 1114 3807 ipsorum
1165 3725 1454 3789 faucibus
1509 3725 1982 3790 interemissent
2001 3750 2021 3805 ;
2076 3738 2321 3791 tantum
2351 3750 2415 3801 30
