<?xml version="1.0" encoding="UTF-8"?>
<!DOCTYPE html PUBLIC "-//W3C//DTD XHTML 1.0 Transitional//EN"
    "http://www.w3.org/TR/xhtml1/DTD/xhtml1-transitional.dtd">
<html xmlns="http://www.w3.org/1999/xhtml" xml:lang="en" lang="en">
 <head>
  <title>
</title>
<meta http-equiv="Content-Type" content="text/html;charset=utf-8" />
  <meta name='ocr-system' content='tesseract 3.04.00' />
  <meta name='ocr-capabilities' content='ocr_page ocr_carea ocr_par ocr_line ocrx_word'/>
</head>
<body>
  <div class='ocr_page' id='page_1' title='image "./mundusalteretit00andegoog_0041.png"; bbox 0 0 2859 4342; ppageno 0'>
   <div class='ocr_carea' id='block_1_1' title="bbox 228 410 2202 494">
    <p class='ocr_par' dir='ltr' id='par_1_1' title="bbox 228 410 2202 494">
     <span class='ocr_line' id='line_1_1' title="bbox 228 410 2202 494; baseline 0 -20"><span class='ocrx_word' id='word_1_1' title='bbox 228 432 355 475; x_wconf 81' lang='lat' dir='ltr'><strong>CAP.</strong></span> <span class='ocrx_word' id='word_1_2' title='bbox 386 410 483 494; x_wconf 86' lang='lat' dir='ltr'>x1]</span> <span class='ocrx_word' id='word_1_3' title='bbox 977 410 1466 474; x_wconf 68' lang='lat' dir='ltr'><strong>CRAPULIA‘</strong></span> <span class='ocrx_word' id='word_1_4' title='bbox 2125 432 2202 474; x_wconf 84' lang='lat'>21</span> 
     </span>
    </p>
   </div>
   <div class='ocr_carea' id='block_1_2' title="bbox 200 568 2378 3801">
    <p class='ocr_par' dir='ltr' id='par_1_2' title="bbox 211 568 2378 2718">
     <span class='ocr_line' id='line_1_2' title="bbox 226 568 2203 650; baseline -0.001 -19"><span class='ocrx_word' id='word_1_5' title='bbox 226 570 481 650; x_wconf 88' lang='lat' dir='ltr'>porrigit</span> <span class='ocrx_word' id='word_1_6' title='bbox 536 569 1010 649; x_wconf 84' lang='lat' dir='ltr'>amplissimam,</span> <span class='ocrx_word' id='word_1_7' title='bbox 1061 579 1403 649; x_wconf 87' lang='lat' dir='ltr'>monetque</span> <span class='ocrx_word' id='word_1_8' title='bbox 1453 569 1692 649; x_wconf 90' lang='lat' dir='ltr'>populo</span> <span class='ocrx_word' id='word_1_9' title='bbox 1740 588 1860 631; x_wconf 87' lang='lat' dir='ltr'>suo</span> <span class='ocrx_word' id='word_1_10' title='bbox 1908 568 2203 649; x_wconf 78' lang='lat' dir='ltr'>pr&#39;opinet</span> 
     </span>
     <span class='ocr_line' id='line_1_3' title="bbox 227 667 2202 749; baseline 0 -19"><span class='ocrx_word' id='word_1_11' title='bbox 227 671 499 730; x_wconf 88' lang='lat' dir='ltr'>salutem.</span> <span class='ocrx_word' id='word_1_12' title='bbox 580 667 646 729; x_wconf 90' lang='lat' dir='ltr'>Is</span> <span class='ocrx_word' id='word_1_13' title='bbox 668 688 820 730; x_wconf 88' lang='lat' dir='ltr'>vase</span> <span class='ocrx_word' id='word_1_14' title='bbox 851 678 1105 748; x_wconf 88' lang='lat' dir='ltr'>arrepto</span> <span class='ocrx_word' id='word_1_15' title='bbox 1137 678 1483 749; x_wconf 89' lang='lat' dir='ltr'>apertoque</span> <span class='ocrx_word' id='word_1_16' title='bbox 1515 667 1878 730; x_wconf 87' lang='lat' dir='ltr'>contionem</span> <span class='ocrx_word' id='word_1_17' title='bbox 1902 667 2095 729; x_wconf 87' lang='lat' dir='ltr'>habet</span> <span class='ocrx_word' id='word_1_18' title='bbox 2122 667 2202 730; x_wconf 87' lang='lat' dir='ltr'>ad</span> 
     </span>
     <span class='ocr_line' id='line_1_4' title="bbox 225 766 2205 848; baseline 0 -20"><span class='ocrx_word' id='word_1_19' title='bbox 225 767 534 848; x_wconf 88' lang='lat' dir='ltr'>populum,</span> <span class='ocrx_word' id='word_1_20' title='bbox 570 767 626 827; x_wconf 91' lang='lat' dir='ltr'>si</span> <span class='ocrx_word' id='word_1_21' title='bbox 664 776 874 846; x_wconf 89' lang='lat' dir='ltr'>potest</span> <span class='ocrx_word' id='word_1_22' title='bbox 914 786 1281 845; x_wconf 85' lang='lat' dir='ltr'>congruam,</span> <span class='ocrx_word' id='word_1_23' title='bbox 1314 767 1414 829; x_wconf 90' lang='lat' dir='ltr'>sin</span> <span class='ocrx_word' id='word_1_24' title='bbox 1452 766 1662 827; x_wconf 88' lang='lat' dir='ltr'>minus</span> <span class='ocrx_word' id='word_1_25' title='bbox 1701 767 2001 828; x_wconf 90' lang='lat' dir='ltr'>blandam</span> <span class='ocrx_word' id='word_1_26' title='bbox 2038 776 2205 828; x_wconf 86' lang='lat' dir='ltr'>certe</span> 
     </span>
     <span class='ocr_line' id='line_1_5' title="bbox 226 862 2203 945; baseline 0 -18"><span class='ocrx_word' id='word_1_27' title='bbox 226 886 290 927; x_wconf 91' lang='lat' dir='ltr'>ac</span> <span class='ocrx_word' id='word_1_28' title='bbox 313 865 701 927; x_wconf 88' lang='lat' dir='ltr'>benevolam.</span> <span class='ocrx_word' id='word_1_29' title='bbox 756 864 880 926; x_wconf 90' lang='lat' dir='ltr'>Cui</span> <span class='ocrx_word' id='word_1_30' title='bbox 904 884 1025 945; x_wconf 88' lang='lat' dir='ltr'>ego</span> <span class='ocrx_word' id='word_1_31' title='bbox 1050 875 1113 926; x_wconf 87' lang='lat' dir='ltr'>et</span> <span class='ocrx_word' id='word_1_32' title='bbox 1136 862 1354 926; x_wconf 82' lang='lat' dir='ltr'>aurem</span> <span class='ocrx_word' id='word_1_33' title='bbox 1378 865 1637 926; x_wconf 87' lang='lat' dir='ltr'>adhibui</span> <span class='ocrx_word' id='word_1_34' title='bbox 1662 875 1724 926; x_wconf 91' lang='lat' dir='ltr'>et</span> <span class='ocrx_word' id='word_1_35' title='bbox 1746 864 2041 941; x_wconf 90' lang='lat' dir='ltr'>animum,</span> <span class='ocrx_word' id='word_1_36' title='bbox 2065 866 2203 942; x_wconf 89' lang='lat' dir='ltr'>sed,</span> 
     </span>
     <span class='ocr_line' id='line_1_6' title="bbox 225 962 2260 1045; baseline 0 -21"><span class='ocrx_word' id='word_1_37' title='bbox 225 984 378 1045; x_wconf 89' lang='lat' dir='ltr'>quae</span> <span class='ocrx_word' id='word_1_38' title='bbox 414 963 540 1024; x_wconf 91' lang='lat' dir='ltr'>illis</span> <span class='ocrx_word' id='word_1_39' title='bbox 577 962 915 1043; x_wconf 88' lang='lat' dir='ltr'>gutturalis</span> <span class='ocrx_word' id='word_1_40' title='bbox 953 962 1207 1040; x_wconf 91' lang='lat' dir='ltr'>locutio,</span> <span class='ocrx_word' id='word_1_41' title='bbox 1245 983 1476 1024; x_wconf 88' lang='lat' dir='ltr'>sonum</span> <span class='ocrx_word' id='word_1_42' title='bbox 1507 962 1743 1040; x_wconf 91' lang='lat' dir='ltr'>horrui,</span> <span class='ocrx_word' id='word_1_43' title='bbox 1776 982 2038 1025; x_wconf 86' lang='lat' dir='ltr'>sensum</span> <span class='ocrx_word' id='word_1_44' title='bbox 2074 984 2203 1025; x_wconf 91' lang='lat' dir='ltr'>non</span> <span class='ocrx_word' id='word_1_45' title='bbox 2232 989 2260 1041; x_wconf 88' lang='lat'>5</span> 
     </span>
     <span class='ocr_line' id='line_1_7' title="bbox 226 1061 2207 1142; baseline 0.001 -20"><span class='ocrx_word' id='word_1_46' title='bbox 226 1061 534 1138; x_wconf 71' lang='lat' dir='ltr'>intellexi,</span> <span class='ocrx_word' id='word_1_47' title='bbox 579 1081 892 1124; x_wconf 88' lang='lat' dir='ltr'>summam</span> <span class='ocrx_word' id='word_1_48' title='bbox 911 1061 1309 1141; x_wconf 86' lang='lat' dir='ltr'>percontanti</span> <span class='ocrx_word' id='word_1_49' title='bbox 1339 1062 1429 1123; x_wconf 88' lang='lat' dir='ltr'>sic</span> <span class='ocrx_word' id='word_1_50' title='bbox 1463 1061 1741 1124; x_wconf 91' lang='lat' dir='ltr'>reddidit</span> <span class='ocrx_word' id='word_1_51' title='bbox 1770 1061 2088 1142; x_wconf 86' lang='lat' dir='ltr'>interpres</span> <span class='ocrx_word' id='word_1_52' title='bbox 2110 1084 2207 1124; x_wconf 75' lang='lat'>1—-</span> 
     </span>
     <span class='ocr_line' id='line_1_8' title="bbox 222 1158 2210 1241; baseline 0.001 -20"><span class='ocrx_word' id='word_1_53' title='bbox 222 1161 317 1222; x_wconf 92' lang='lat' dir='ltr'>Ad</span> <span class='ocrx_word' id='word_1_54' title='bbox 364 1160 667 1241; x_wconf 90' lang='lat' dir='ltr'>populum</span> <span class='ocrx_word' id='word_1_55' title='bbox 721 1181 792 1222; x_wconf 87' lang='lat' dir='ltr'>se</span> <span class='ocrx_word' id='word_1_56' title='bbox 850 1160 1185 1238; x_wconf 89' lang='lat' dir='ltr'>convertit,</span> <span class='ocrx_word' id='word_1_57' title='bbox 1238 1160 1616 1223; x_wconf 88' lang='lat' dir='ltr'>suavissima</span> <span class='ocrx_word' id='word_1_58' title='bbox 1666 1158 1969 1236; x_wconf 86' lang='lat' dir='ltr'>oratione,</span> <span class='ocrx_word' id='word_1_59' title='bbox 2021 1159 2210 1223; x_wconf 90' lang='lat' dir='ltr'>Oma-</span> 
     </span>
     <span class='ocr_line' id='line_1_9' title="bbox 222 1258 2207 1339; baseline -0.001 -18"><span class='ocrx_word' id='word_1_60' title='bbox 222 1260 379 1322; x_wconf 88' lang='lat' dir='ltr'>sium</span> <span class='ocrx_word' id='word_1_61' title='bbox 422 1269 640 1321; x_wconf 89' lang='lat' dir='ltr'>sancte</span> <span class='ocrx_word' id='word_1_62' title='bbox 681 1258 899 1320; x_wconf 88' lang='lat' dir='ltr'>iurans</span> <span class='ocrx_word' id='word_1_63' title='bbox 935 1258 1259 1321; x_wconf 87' lang='lat' dir='ltr'>libertates</span> <span class='ocrx_word' id='word_1_64' title='bbox 1289 1280 1360 1321; x_wconf 89' lang='lat' dir='ltr'>se</span> <span class='ocrx_word' id='word_1_65' title='bbox 1397 1268 1650 1321; x_wconf 88' lang='lat' dir='ltr'>nostras</span> <span class='ocrx_word' id='word_1_66' title='bbox 1679 1279 1824 1321; x_wconf 86' lang='lat' dir='ltr'>esse</span> <span class='ocrx_word' id='word_1_67' title='bbox 1853 1279 2207 1339; x_wconf 87' lang='lat' dir='ltr'>propugna-</span> 
     </span>
     <span class='ocr_line' id='line_1_10' title="bbox 221 1357 2211 1438; baseline 0 -18"><span class='ocrx_word' id='word_1_68' title='bbox 221 1370 444 1435; x_wconf 86' lang='lat' dir='ltr'>turum,</span> <span class='ocrx_word' id='word_1_69' title='bbox 488 1367 929 1438; x_wconf 89' lang='lat' dir='ltr'>promoturum</span> <span class='ocrx_word' id='word_1_70' title='bbox 971 1358 1240 1437; x_wconf 90' lang='lat' dir='ltr'>negotia,</span> <span class='ocrx_word' id='word_1_71' title='bbox 1285 1357 1507 1419; x_wconf 88' lang='lat' dir='ltr'>hostes</span> <span class='ocrx_word' id='word_1_72' title='bbox 1546 1357 1927 1438; x_wconf 85' lang='lat' dir='ltr'>fugaturum,</span> <span class='ocrx_word' id='word_1_73' title='bbox 1961 1369 2211 1420; x_wconf 87' lang='lat' dir='ltr'>secutu-</span> 
     </span>
     <span class='ocr_line' id='line_1_11' title="bbox 221 1456 2300 1537; baseline 0 -19"><span class='ocrx_word' id='word_1_74' title='bbox 221 1478 354 1519; x_wconf 90' lang='lat' dir='ltr'>rum</span> <span class='ocrx_word' id='word_1_75' title='bbox 394 1456 676 1537; x_wconf 86' lang='lat' dir='ltr'>consilia,</span> <span class='ocrx_word' id='word_1_76' title='bbox 714 1457 989 1517; x_wconf 87' lang='lat' dir='ltr'>foturum</span> <span class='ocrx_word' id='word_1_77' title='bbox 1029 1457 1254 1531; x_wconf 91' lang='lat' dir='ltr'>studia,</span> <span class='ocrx_word' id='word_1_78' title='bbox 1291 1467 1440 1518; x_wconf 90' lang='lat' dir='ltr'>vota</span> <span class='ocrx_word' id='word_1_79' title='bbox 1474 1467 1937 1537; x_wconf 91' lang='lat' dir='ltr'>suscepturum,</span> <span class='ocrx_word' id='word_1_80' title='bbox 1975 1458 2207 1519; x_wconf 81' lang='lat' dir='ltr'>laxatu-</span> <span class='ocrx_word' id='word_1_81' title='bbox 2243 1477 2300 1512; x_wconf 88' lang='lat'>10</span> 
     </span>
     <span class='ocr_line' id='line_1_12' title="bbox 223 1554 2209 1636; baseline 0 -19"><span class='ocrx_word' id='word_1_82' title='bbox 223 1575 356 1617; x_wconf 87' lang='lat' dir='ltr'>rum</span> <span class='ocrx_word' id='word_1_83' title='bbox 427 1555 627 1636; x_wconf 83' lang='lat' dir='ltr'>gulaS,</span> <span class='ocrx_word' id='word_1_84' title='bbox 699 1573 1033 1615; x_wconf 86' lang='lat' dir='ltr'>mensuras</span> <span class='ocrx_word' id='word_1_85' title='bbox 1105 1554 1573 1634; x_wconf 88' lang='lat' dir='ltr'>ampliaturum,</span> <span class='ocrx_word' id='word_1_86' title='bbox 1640 1556 1915 1635; x_wconf 88' lang='lat' dir='ltr'>denique</span> <span class='ocrx_word' id='word_1_87' title='bbox 1987 1556 2209 1636; x_wconf 90' lang='lat' dir='ltr'>quales</span> 
     </span>
     <span class='ocr_line' id='line_1_13' title="bbox 220 1653 2204 1731; baseline 0.001 -16"><span class='ocrx_word' id='word_1_88' title='bbox 220 1674 435 1715; x_wconf 87' lang='lat' dir='ltr'>sumus</span> <span class='ocrx_word' id='word_1_89' title='bbox 478 1663 890 1728; x_wconf 88' lang='lat' dir='ltr'>servaturum,</span> <span class='ocrx_word' id='word_1_90' title='bbox 938 1653 1246 1714; x_wconf 90' lang='lat' dir='ltr'>facturum</span> <span class='ocrx_word' id='word_1_91' title='bbox 1292 1654 1517 1731; x_wconf 87' lang='lat' dir='ltr'>quales</span> <span class='ocrx_word' id='word_1_92' title='bbox 1561 1673 1707 1714; x_wconf 88' lang='lat' dir='ltr'>esse</span> <span class='ocrx_word' id='word_1_93' title='bbox 1746 1653 2204 1717; x_wconf 77' lang='lat' dir='ltr'>desideramus·</span> 
     </span>
     <span class='ocr_line' id='line_1_14' title="bbox 225 1750 2203 1830; baseline 0.001 -17"><span class='ocrx_word' id='word_1_94' title='bbox 225 1752 385 1813; x_wconf 89' lang='lat' dir='ltr'>Dein</span> <span class='ocrx_word' id='word_1_95' title='bbox 447 1751 642 1828; x_wconf 89' lang='lat' dir='ltr'>Fami,</span> <span class='ocrx_word' id='word_1_96' title='bbox 702 1750 1163 1825; x_wconf 88' lang='lat' dir='ltr'>Abstinentiae,</span> <span class='ocrx_word' id='word_1_97' title='bbox 1233 1750 1514 1828; x_wconf 87' lang='lat' dir='ltr'>Diaetae,</span> <span class='ocrx_word' id='word_1_98' title='bbox 1580 1751 1792 1813; x_wconf 88' lang='lat' dir='ltr'>Malae</span> <span class='ocrx_word' id='word_1_99' title='bbox 1861 1752 2203 1830; x_wconf 86' lang='lat' dir='ltr'>Cervisiae,</span> 
     </span>
     <span class='ocr_line' id='line_1_15' title="bbox 223 1849 2207 1929; baseline 0.001 -18"><span class='ocrx_word' id='word_1_100' title='bbox 223 1850 639 1926; x_wconf 87' lang='lat' dir='ltr'>Macilentiae,</span> <span class='ocrx_word' id='word_1_101' title='bbox 685 1850 930 1911; x_wconf 88' lang='lat' dir='ltr'>hostem</span> <span class='ocrx_word' id='word_1_102' title='bbox 976 1870 1046 1910; x_wconf 89' lang='lat' dir='ltr'>se</span> <span class='ocrx_word' id='word_1_103' title='bbox 1091 1849 1466 1910; x_wconf 91' lang='lat' dir='ltr'>acerrimum</span> <span class='ocrx_word' id='word_1_104' title='bbox 1512 1849 1841 1929; x_wconf 89' lang='lat' dir='ltr'>professus</span> <span class='ocrx_word' id='word_1_105' title='bbox 1885 1861 2001 1928; x_wconf 88' lang='lat' dir='ltr'>est,</span> <span class='ocrx_word' id='word_1_106' title='bbox 2051 1852 2207 1913; x_wconf 86' lang='lat' dir='ltr'>iura-</span> 
     </span>
     <span class='ocr_line' id='line_1_16' title="bbox 216 1947 2296 2028; baseline -0.002 -18"><span class='ocrx_word' id='word_1_107' title='bbox 216 1950 428 2028; x_wconf 88' lang='lat' dir='ltr'>vitque</span> <span class='ocrx_word' id='word_1_108' title='bbox 459 1950 670 2010; x_wconf 91' lang='lat' dir='ltr'>denuo</span> <span class='ocrx_word' id='word_1_109' title='bbox 701 1947 1017 2009; x_wconf 89' lang='lat' dir='ltr'>neminem</span> <span class='ocrx_word' id='word_1_110' title='bbox 1047 1967 1118 2009; x_wconf 88' lang='lat' dir='ltr'>se</span> <span class='ocrx_word' id='word_1_111' title='bbox 1147 1947 1446 2026; x_wconf 87' lang='lat' dir='ltr'>praeside</span> <span class='ocrx_word' id='word_1_112' title='bbox 1476 1947 1901 2010; x_wconf 88' lang='lat' dir='ltr'>ieiunaturum</span> <span class='ocrx_word' id='word_1_113' title='bbox 1926 1948 2199 2028; x_wconf 89' lang='lat' dir='ltr'>impune,</span> <span class='ocrx_word' id='word_1_114' title='bbox 2237 1971 2296 2019; x_wconf 85' lang='lat'>15</span> 
     </span>
     <span class='ocr_line' id='line_1_17' title="bbox 217 2044 2201 2127; baseline -0.001 -18"><span class='ocrx_word' id='word_1_115' title='bbox 217 2047 535 2110; x_wconf 88' lang='lat' dir='ltr'>neminem</span> <span class='ocrx_word' id='word_1_116' title='bbox 566 2046 855 2126; x_wconf 90' lang='lat' dir='ltr'>ingratiis</span> <span class='ocrx_word' id='word_1_117' title='bbox 870 2056 1333 2125; x_wconf 88' lang='lat' dir='ltr'>graecaturum.</span> <span class='ocrx_word' id='word_1_118' title='bbox 1411 2048 1426 2076; x_wconf 86' lang='lat'><em>‘</em></span> <span class='ocrx_word' id='word_1_119' title='bbox 1446 2044 1708 2123; x_wconf 85' lang='lat' dir='ltr'>Quare,&#39;</span> <span class='ocrx_word' id='word_1_120' title='bbox 1730 2046 1955 2126; x_wconf 90' lang='lat' dir='ltr'>inquit,</span> <span class='ocrx_word' id='word_1_121' title='bbox 1986 2050 2001 2079; x_wconf 79' lang='lat'><em>⁴</em></span> <span class='ocrx_word' id='word_1_122' title='bbox 2019 2047 2201 2127; x_wconf 91' lang='lat' dir='ltr'>agite,</span> 
     </span>
     <span class='ocr_line' id='line_1_18' title="bbox 214 2143 2201 2226; baseline 0.001 -19"><span class='ocrx_word' id='word_1_123' title='bbox 214 2167 332 2226; x_wconf 88' lang='lat' dir='ltr'>per</span> <span class='ocrx_word' id='word_1_124' title='bbox 393 2155 676 2206; x_wconf 87' lang='lat' dir='ltr'>sanctam</span> <span class='ocrx_word' id='word_1_125' title='bbox 748 2143 1177 2219; x_wconf 87' lang='lat' dir='ltr'>Saturitatem,</span> <span class='ocrx_word' id='word_1_126' title='bbox 1242 2154 1447 2205; x_wconf 86' lang='lat' dir='ltr'>estote</span> <span class='ocrx_word' id='word_1_127' title='bbox 1514 2163 1769 2224; x_wconf 88' lang='lat' dir='ltr'>semper</span> <span class='ocrx_word' id='word_1_128' title='bbox 1827 2145 2064 2206; x_wconf 85' lang='lat' dir='ltr'>hilares</span> <span class='ocrx_word' id='word_1_129' title='bbox 2122 2157 2201 2224; x_wconf 90' lang='lat' dir='ltr'>et,</span> 
     </span>
     <span class='ocr_line' id='line_1_19' title="bbox 215 2242 2206 2326; baseline 0 -20"><span class='ocrx_word' id='word_1_130' title='bbox 215 2245 474 2326; x_wconf 91' lang='lat' dir='ltr'>quando</span> <span class='ocrx_word' id='word_1_131' title='bbox 536 2243 819 2324; x_wconf 88' lang='lat' dir='ltr'>potestis,</span> <span class='ocrx_word' id='word_1_132' title='bbox 887 2244 1316 2322; x_wconf 88' lang='lat' dir='ltr'>obsequentes</span> <span class='ocrx_word' id='word_1_133' title='bbox 1337 2263 1354 2320; x_wconf 79' lang='lat'><em>3</em></span> <span class='ocrx_word' id='word_1_134' title='bbox 1419 2252 1483 2304; x_wconf 88' lang='lat' dir='ltr'>et</span> <span class='ocrx_word' id='word_1_135' title='bbox 1540 2242 1654 2304; x_wconf 83' lang='lat' dir='ltr'>ita·</span> <span class='ocrx_word' id='word_1_136' title='bbox 1679 2243 1959 2305; x_wconf 87' lang='lat' dir='ltr'>suaviter</span> <span class='ocrx_word' id='word_1_137' title='bbox 2016 2244 2206 2306; x_wconf 88' lang='lat' dir='ltr'>intret</span> 
     </span>
     <span class='ocr_line' id='line_1_20' title="bbox 214 2341 2205 2424; baseline -0.001 -19"><span class='ocrx_word' id='word_1_138' title='bbox 214 2353 478 2424; x_wconf 87' lang='lat' dir='ltr'>tutoque</span> <span class='ocrx_word' id='word_1_139' title='bbox 509 2352 692 2404; x_wconf 88' lang='lat' dir='ltr'>exeat</span> <span class='ocrx_word' id='word_1_140' title='bbox 721 2341 1079 2422; x_wconf 90' lang='lat' dir='ltr'>pulchellus</span> <span class='ocrx_word' id='word_1_141' title='bbox 1109 2341 1230 2402; x_wconf 89' lang='lat' dir='ltr'>iste</span> <span class='ocrx_word' id='word_1_142' title='bbox 1266 2341 1575 2421; x_wconf 80' lang='lat' dir='ltr'>cyathuS‚&#39;</span> <span class='ocrx_word' id='word_1_143' title='bbox 1618 2362 1745 2420; x_wconf 91' lang='lat' dir='ltr'>quo</span> <span class='ocrx_word' id='word_1_144' title='bbox 1784 2342 1949 2404; x_wconf 90' lang='lat' dir='ltr'>dicto</span> <span class='ocrx_word' id='word_1_145' title='bbox 1988 2343 2205 2405; x_wconf 89' lang='lat' dir='ltr'>vinum</span> 
     </span>
     <span class='ocr_line' id='line_1_21' title="bbox 214 2440 2378 2522; baseline -0.002 -19"><span class='ocrx_word' id='word_1_146' title='bbox 214 2443 449 2504; x_wconf 88' lang='lat' dir='ltr'>lentius</span> <span class='ocrx_word' id='word_1_147' title='bbox 480 2442 687 2516; x_wconf 89' lang='lat' dir='ltr'>ebibit,</span> <span class='ocrx_word' id='word_1_148' title='bbox 722 2440 1045 2520; x_wconf 88' lang='lat' dir='ltr'>fundoque</span> <span class='ocrx_word' id='word_1_149' title='bbox 1075 2440 1247 2504; x_wconf 87' lang='lat' dir='ltr'>vasis</span> <span class='ocrx_word' id='word_1_150' title='bbox 1277 2440 1533 2501; x_wconf 89' lang='lat' dir='ltr'>inverso</span> <span class='ocrx_word' id='word_1_151' title='bbox 1565 2440 1807 2501; x_wconf 91' lang='lat' dir='ltr'>labrum</span> <span class='ocrx_word' id='word_1_152' title='bbox 1839 2441 2052 2520; x_wconf 91' lang='lat' dir='ltr'>pollici</span> <span class='ocrx_word' id='word_1_153' title='bbox 2086 2463 2206 2522; x_wconf 91' lang='lat' dir='ltr'>pro</span> <span class='ocrx_word' id='word_1_154' title='bbox 2238 2464 2301 2499; x_wconf 87' lang='lat'>20</span> <span class='ocrx_word' id='word_1_155' title='bbox 2375 2468 2378 2469; x_wconf 38' lang='lat'><em>⁷</em></span> 
     </span>
     <span class='ocr_line' id='line_1_22' title="bbox 213 2534 2206 2620; baseline 0 -19"><span class='ocrx_word' id='word_1_156' title='bbox 213 2561 395 2603; x_wconf 87' lang='lat' dir='ltr'>more</span> <span class='ocrx_word' id='word_1_157' title='bbox 451 2540 738 2620; x_wconf 88' lang='lat' dir='ltr'>applicat,</span> <span class='ocrx_word' id='word_1_158' title='bbox 809 2542 910 2601; x_wconf 86' lang='lat' dir='ltr'>‘ut</span> <span class='ocrx_word' id='word_1_159' title='bbox 969 2558 1090 2618; x_wconf 77' lang='lat' dir='ltr'>ego</span> <span class='ocrx_word' id='word_1_160' title='bbox 1147 2559 1263 2600; x_wconf 91' lang='lat' dir='ltr'>vos</span> <span class='ocrx_word' id='word_1_161' title='bbox 1319 2557 1575 2618; x_wconf 86' lang='lat' dir='ltr'>semper</span> <span class='ocrx_word' id='word_1_162' title='bbox 1641 2534 1871 2616; x_wconf 82' lang='lat' dir='ltr'>ebrios,</span> <span class='ocrx_word' id='word_1_163' title='bbox 1934 2551 2206 2619; x_wconf 78' lang='lat' dir='ltr'>saturOS,</span> 
     </span>
     <span class='ocr_line' id='line_1_23' title="bbox 211 2637 1776 2718; baseline -0.003 -18"><span class='ocrx_word' id='word_1_164' title='bbox 211 2639 568 2701; x_wconf 87' lang='lat' dir='ltr'>fortunatos</span> <span class='ocrx_word' id='word_1_165' title='bbox 596 2637 828 2718; x_wconf 90' lang='lat' dir='ltr'>cupi0.’</span> <span class='ocrx_word' id='word_1_166' title='bbox 1771 2691 1776 2695; x_wconf 86' lang='lat'>.</span> 
     </span>
    </p>

    <p class='ocr_par' dir='ltr' id='par_1_3' title="bbox 303 2735 2210 2818">
     <span class='ocr_line' id='line_1_24' title="bbox 303 2735 2210 2818; baseline 0.002 -20"><span class='ocrx_word' id='word_1_167' title='bbox 303 2737 603 2818; x_wconf 81' lang='lat' dir='ltr'>PopuluS,</span> <span class='ocrx_word' id='word_1_168' title='bbox 665 2737 832 2798; x_wconf 89' lang='lat' dir='ltr'>laeta</span> <span class='ocrx_word' id='word_1_169' title='bbox 884 2755 1060 2813; x_wconf 89' lang='lat' dir='ltr'>voce,</span> <span class='ocrx_word' id='word_1_170' title='bbox 1122 2736 1367 2797; x_wconf 89' lang='lat' dir='ltr'>caelum</span> <span class='ocrx_word' id='word_1_171' title='bbox 1416 2735 1634 2815; x_wconf 90' lang='lat' dir='ltr'>implet</span> <span class='ocrx_word' id='word_1_172' title='bbox 1692 2737 2165 2818; x_wconf 85' lang='lat' dir='ltr'>ingeminatque</span> <span class='ocrx_word' id='word_1_173' title='bbox 2193 2759 2210 2815; x_wconf 85' lang='lat'>;</span> 
     </span>
    </p>

    <p class='ocr_par' dir='ltr' id='par_1_4' title="bbox 208 2834 2299 3113">
     <span class='ocr_line' id='line_1_25' title="bbox 216 2834 2209 2917; baseline 0 -18"><span class='ocrx_word' id='word_1_174' title='bbox 216 2840 232 2868; x_wconf 89' lang='lat'>‘</span> <span class='ocrx_word' id='word_1_175' title='bbox 258 2834 675 2917; x_wconf 88' lang='lat' dir='ltr'>Cagastrius,&#39;</span> <span class='ocrx_word' id='word_1_176' title='bbox 706 2835 801 2896; x_wconf 88' lang='lat' dir='ltr'>sic</span> <span class='ocrx_word' id='word_1_177' title='bbox 836 2835 1005 2896; x_wconf 89' lang='lat' dir='ltr'>enirn</span> <span class='ocrx_word' id='word_1_178' title='bbox 1050 2834 1139 2895; x_wconf 91' lang='lat' dir='ltr'>illi</span> <span class='ocrx_word' id='word_1_179' title='bbox 1180 2854 1434 2910; x_wconf 90' lang='lat' dir='ltr'>nomen,</span> <span class='ocrx_word' id='word_1_180' title='bbox 1484 2837 1501 2866; x_wconf 88' lang='lat'><em>‘</em></span> <span class='ocrx_word' id='word_1_181' title='bbox 1526 2835 2018 2914; x_wconf 88' lang='lat' dir='ltr'>augustissimus</span> <span class='ocrx_word' id='word_1_182' title='bbox 2060 2837 2209 2899; x_wconf 91' lang='lat' dir='ltr'>Cra-</span> 
     </span>
     <span class='ocr_line' id='line_1_26' title="bbox 208 2934 2299 3015; baseline -0 -19"><span class='ocrx_word' id='word_1_183' title='bbox 208 2935 426 3015; x_wconf 87' lang='lat' dir='ltr'>puliae</span> <span class='ocrx_word' id='word_1_184' title='bbox 466 2935 836 3014; x_wconf 86' lang='lat' dir='ltr'>Imperator,</span> <span class='ocrx_word' id='word_1_185' title='bbox 872 2934 1063 3011; x_wconf 90' lang='lat' dir='ltr'>vivat,</span> <span class='ocrx_word' id='word_1_186' title='bbox 1095 2943 1335 3012; x_wconf 87' lang='lat' dir='ltr'>regnet,</span> <span class='ocrx_word' id='word_1_187' title='bbox 1370 2943 1613 2995; x_wconf 88' lang='lat' dir='ltr'>crescat</span> <span class='ocrx_word' id='word_1_188' title='bbox 1639 2935 1651 2994; x_wconf 80' lang='lat' dir='ltr'>i</span> <span class='ocrx_word' id='word_1_189' title='bbox 1673 2934 1687 2958; x_wconf 90' lang='lat'>’</span> <span class='ocrx_word' id='word_1_190' title='bbox 2240 2961 2299 3009; x_wconf 82' lang='lat'>25</span> 
     </span>
     <span class='ocr_line' id='line_1_27' title="bbox 302 3031 2210 3113; baseline 0.001 -19"><span class='ocrx_word' id='word_1_191' title='bbox 302 3033 590 3113; x_wconf 86' lang='lat' dir='ltr'>Insignia</span> <span class='ocrx_word' id='word_1_192' title='bbox 659 3032 839 3113; x_wconf 88' lang='lat' dir='ltr'>regni</span> <span class='ocrx_word' id='word_1_193' title='bbox 911 3032 1121 3093; x_wconf 87' lang='lat' dir='ltr'>statim</span> <span class='ocrx_word' id='word_1_194' title='bbox 1188 3031 1275 3092; x_wconf 91' lang='lat' dir='ltr'>illi</span> <span class='ocrx_word' id='word_1_195' title='bbox 1349 3033 1592 3108; x_wconf 90' lang='lat' dir='ltr'>tradita,</span> <span class='ocrx_word' id='word_1_196' title='bbox 1657 3032 2210 3096; x_wconf 87' lang='lat' dir='ltr'>struthiocamelus</span> 
     </span>
    </p>

    <p class='ocr_par' dir='ltr' id='par_1_5' title="bbox 209 3130 2211 3212">
     <span class='ocr_line' id='line_1_28' title="bbox 209 3130 2211 3212; baseline -0 -18"><span class='ocrx_word' id='word_1_197' title='bbox 209 3133 455 3195; x_wconf 82' lang='lat' dir='ltr'>sermm</span> <span class='ocrx_word' id='word_1_198' title='bbox 511 3152 761 3207; x_wconf 81' lang='lat' dir='ltr'>voranS,</span> <span class='ocrx_word' id='word_1_199' title='bbox 824 3151 968 3193; x_wconf 91' lang='lat' dir='ltr'>cum</span> <span class='ocrx_word' id='word_1_200' title='bbox 1025 3131 1222 3192; x_wconf 90' lang='lat' dir='ltr'>verbo</span> <span class='ocrx_word' id='word_1_201' title='bbox 1284 3134 1300 3162; x_wconf 88' lang='lat'>‘</span> <span class='ocrx_word' id='word_1_202' title='bbox 1327 3130 1563 3211; x_wconf 89' lang='lat' dir='ltr'>Digere</span> <span class='ocrx_word' id='word_1_203' title='bbox 1624 3142 1685 3193; x_wconf 91' lang='lat' dir='ltr'>et</span> <span class='ocrx_word' id='word_1_204' title='bbox 1747 3131 2077 3212; x_wconf 86' lang='lat' dir='ltr'>Impera&#39;;</span> <span class='ocrx_word' id='word_1_205' title='bbox 2148 3142 2211 3193; x_wconf 90' lang='lat' dir='ltr'>et</span> 
     </span>
    </p>

    <p class='ocr_par' dir='ltr' id='par_1_6' title="bbox 207 3229 2207 3311">
     <span class='ocr_line' id='line_1_29' title="bbox 207 3229 2207 3311; baseline -0.001 -18"><span class='ocrx_word' id='word_1_206' title='bbox 207 3232 512 3311; x_wconf 84' lang='lat' dir='ltr'>denique,</span> <span class='ocrx_word' id='word_1_207' title='bbox 565 3250 681 3310; x_wconf 89' lang='lat' dir='ltr'>pro</span> <span class='ocrx_word' id='word_1_208' title='bbox 734 3229 1009 3292; x_wconf 89' lang='lat' dir='ltr'>fascibus</span> <span class='ocrx_word' id='word_1_209' title='bbox 1065 3229 1361 3310; x_wconf 85' lang='lat' dir='ltr'>gladiove</span> <span class='ocrx_word' id='word_1_210' title='bbox 1414 3239 1523 3291; x_wconf 90' lang='lat' dir='ltr'>aut</span> <span class='ocrx_word' id='word_1_211' title='bbox 1573 3240 1825 3309; x_wconf 89' lang='lat' dir='ltr'>sceptro</span> <span class='ocrx_word' id='word_1_212' title='bbox 1885 3230 2207 3292; x_wconf 89' lang='lat' dir='ltr'>cultellum</span> 
     </span>
    </p>

    <p class='ocr_par' dir='ltr' id='par_1_7' title="bbox 206 3326 2204 3407">
     <span class='ocr_line' id='line_1_30' title="bbox 206 3326 2204 3407; baseline -0.001 -15"><span class='ocrx_word' id='word_1_213' title='bbox 206 3350 346 3392; x_wconf 89' lang='lat' dir='ltr'>una</span> <span class='ocrx_word' id='word_1_214' title='bbox 375 3348 515 3390; x_wconf 91' lang='lat' dir='ltr'>cum</span> <span class='ocrx_word' id='word_1_215' title='bbox 548 3328 783 3390; x_wconf 92' lang='lat' dir='ltr'>doliolo</span> <span class='ocrx_word' id='word_1_216' title='bbox 808 3348 1001 3390; x_wconf 90' lang='lat' dir='ltr'>aureo</span> <span class='ocrx_word' id='word_1_217' title='bbox 1033 3327 1097 3388; x_wconf 93' lang='lat' dir='ltr'>in</span> <span class='ocrx_word' id='word_1_218' title='bbox 1122 3347 1347 3389; x_wconf 89' lang='lat' dir='ltr'>manus</span> <span class='ocrx_word' id='word_1_219' title='bbox 1379 3327 1499 3407; x_wconf 89' lang='lat' dir='ltr'>ipsi</span> <span class='ocrx_word' id='word_1_220' title='bbox 1524 3328 1699 3389; x_wconf 90' lang='lat' dir='ltr'>dedit</span> <span class='ocrx_word' id='word_1_221' title='bbox 1726 3326 2204 3407; x_wconf 79' lang='lat' dir='ltr'>SeneschalluS,</span> 
     </span>
    </p>

    <p class='ocr_par' dir='ltr' id='par_1_8' title="bbox 206 3424 2307 3604">
     <span class='ocr_line' id='line_1_31' title="bbox 206 3424 2307 3502; baseline -0.001 -11"><span class='ocrx_word' id='word_1_222' title='bbox 206 3439 274 3491; x_wconf 88' lang='lat' dir='ltr'>et</span> <span class='ocrx_word' id='word_1_223' title='bbox 306 3427 560 3490; x_wconf 88' lang='lat' dir='ltr'>solenni</span> <span class='ocrx_word' id='word_1_224' title='bbox 588 3428 785 3489; x_wconf 88' lang='lat' dir='ltr'>verbo</span> <span class='ocrx_word' id='word_1_225' title='bbox 815 3426 974 3487; x_wconf 85' lang='lat' dir='ltr'>dixit</span> <span class='ocrx_word' id='word_1_226' title='bbox 1008 3428 1024 3457; x_wconf 91' lang='lat'><em>‘</em></span> <span class='ocrx_word' id='word_1_227' title='bbox 1051 3424 1252 3487; x_wconf 90' lang='lat' dir='ltr'>Utere</span> <span class='ocrx_word' id='word_1_228' title='bbox 1283 3435 1345 3486; x_wconf 87' lang='lat' dir='ltr'>et</span> <span class='ocrx_word' id='word_1_229' title='bbox 1376 3425 1625 3487; x_wconf 87' lang='lat' dir='ltr'>fruere.&#39;</span> <span class='ocrx_word' id='word_1_230' title='bbox 1981 3428 1984 3429; x_wconf 45' lang='lat'><em>⁷</em></span> <span class='ocrx_word' id='word_1_231' title='bbox 2241 3454 2307 3502; x_wconf 83' lang='lat'>30</span> 
     </span>
     <span class='ocr_line' id='line_1_32' title="bbox 303 3523 2206 3604; baseline -0.001 -16"><span class='ocrx_word' id='word_1_232' title='bbox 303 3526 647 3588; x_wconf 89' lang='lat' dir='ltr'>Praetereo</span> <span class='ocrx_word' id='word_1_233' title='bbox 694 3524 922 3585; x_wconf 88' lang='lat' dir='ltr'>lubens</span> <span class='ocrx_word' id='word_1_234' title='bbox 972 3524 1243 3586; x_wconf 85' lang='lat' dir='ltr'>struices</span> <span class='ocrx_word' id='word_1_235' title='bbox 1287 3544 1446 3604; x_wconf 91' lang='lat' dir='ltr'>quas</span> <span class='ocrx_word' id='word_1_236' title='bbox 1505 3523 1631 3584; x_wconf 91' lang='lat' dir='ltr'>illic</span> <span class='ocrx_word' id='word_1_237' title='bbox 1678 3524 1806 3586; x_wconf 91' lang='lat' dir='ltr'>vidi</span> <span class='ocrx_word' id='word_1_238' title='bbox 1854 3525 1972 3586; x_wconf 90' lang='lat' dir='ltr'>hac</span> <span class='ocrx_word' id='word_1_239' title='bbox 2020 3536 2206 3588; x_wconf 84' lang='lat' dir='ltr'>nocte</span> 
     </span>
    </p>

    <p class='ocr_par' dir='ltr' id='par_1_9' title="bbox 202 3622 2206 3706">
     <span class='ocr_line' id='line_1_33' title="bbox 202 3622 2206 3706; baseline -0.001 -20"><span class='ocrx_word' id='word_1_240' title='bbox 202 3624 580 3706; x_wconf 85' lang='lat' dir='ltr'>patinarias,</span> <span class='ocrx_word' id='word_1_241' title='bbox 643 3633 892 3684; x_wconf 86' lang='lat' dir='ltr'>montes</span> <span class='ocrx_word' id='word_1_242' title='bbox 963 3622 1186 3697; x_wconf 83' lang='lat' dir='ltr'>carniS,</span> <span class='ocrx_word' id='word_1_243' title='bbox 1249 3622 1377 3683; x_wconf 90' lang='lat' dir='ltr'>vini</span> <span class='ocrx_word' id='word_1_244' title='bbox 1450 3633 1784 3685; x_wconf 69' lang='lat' dir='ltr'>torrentes</span> <span class='ocrx_word' id='word_1_245' title='bbox 1878 3623 1951 3684; x_wconf 92' lang='lat' dir='ltr'>Id</span> <span class='ocrx_word' id='word_1_246' title='bbox 2011 3644 2206 3684; x_wconf 90' lang='lat' dir='ltr'>unum</span> 
     </span>
    </p>

    <p class='ocr_par' dir='ltr' id='par_1_10' title="bbox 200 3720 2306 3801">
     <span class='ocr_line' id='line_1_34' title="bbox 200 3720 2306 3801; baseline -0.001 -17"><span class='ocrx_word' id='word_1_247' title='bbox 200 3723 407 3784; x_wconf 85' lang='lat' dir='ltr'>silere</span> <span class='ocrx_word' id='word_1_248' title='bbox 439 3742 705 3801; x_wconf 88' lang='lat' dir='ltr'>neque0,</span> <span class='ocrx_word' id='word_1_249' title='bbox 740 3721 1012 3800; x_wconf 88' lang='lat' dir='ltr'>compita</span> <span class='ocrx_word' id='word_1_250' title='bbox 1041 3720 1254 3781; x_wconf 90' lang='lat' dir='ltr'>omnia</span> <span class='ocrx_word' id='word_1_251' title='bbox 1286 3730 1471 3781; x_wconf 88' lang='lat' dir='ltr'>nocte</span> <span class='ocrx_word' id='word_1_252' title='bbox 1501 3720 1641 3797; x_wconf 90' lang='lat' dir='ltr'>hac,</span> <span class='ocrx_word' id='word_1_253' title='bbox 1673 3721 1757 3781; x_wconf 88' lang='lat' dir='ltr'>ita</span> <span class='ocrx_word' id='word_1_254' title='bbox 1787 3730 1984 3782; x_wconf 90' lang='lat' dir='ltr'>strata</span> <span class='ocrx_word' id='word_1_255' title='bbox 2014 3722 2208 3784; x_wconf 89' lang='lat' dir='ltr'>fuisse</span> <span class='ocrx_word' id='word_1_256' title='bbox 2303 3778 2306 3781; x_wconf 12' lang='grc' dir='ltr'><strong>Α</strong></span> 
     </span>
    </p>
   </div>
  </div>
 </body>
</html>
