2859 4342
297 405 448 449 cAP.
478 384 529 469 1]
1078 381 1512 446 YVRONIA
2211 400 2291 459 25

383 540 479 602 Ex
524 540 815 603 orientali
857 550 1040 621 parte
1089 538 1406 601 doliorum
1452 539 1793 619 aggeribus
1843 537 2042 618 probe
2085 537 2290 598 cincta

300 649 434 716 est;
505 658 770 719 quorum
839 639 1029 700 etiam
1098 637 1294 699 costis
1365 637 1787 700 domunculae
1856 655 2079 698 omnes
2121 636 2290 696 obte-

298 747 552 817 guntur.

385 833 461 895 In
491 835 632 914 ipso
661 847 886 916 portae
916 835 1235 899 vestibulo
1265 835 1388 897 sita
1417 846 1516 898 est
1545 856 1584 897 a
1611 855 1797 897 mane
1826 836 1907 896 ad
1933 853 2285 914 vesperam,

302 951 339 993 e
369 952 498 994 non
526 933 828 997 violando
859 935 1020 1014 legis
1053 934 1472 1015 praescripto,
1504 934 1813 1014 amphora
1850 932 2290 1013 praegrandis,
2317 952 2348 1006 5

306 1030 611 1093 Poculum
636 1031 975 1113 Hospitale
1004 1054 1122 1095 sua
1151 1033 1368 1112 lingua
1388 1042 1617 1094 vocant
1642 1032 1851 1094 cives:
1886 1030 2065 1093 cuius
2095 1049 2290 1091 ansae

300 1128 681 1210 insculptum
704 1141 802 1193 est
824 1140 1009 1192 vetus
1031 1130 1209 1207 illud,
1232 1133 1396 1191 ‘Aur
1420 1149 1618 1191 13113As
1638 1148 1774 1190 Aur
1797 1127 2057 1190 ABEAsss
2102 1127 2289 1202 Quis-

302 1229 448 1308 quis
477 1228 835 1308 ingreditur
863 1239 975 1290 aut,
999 1239 1196 1291 totam
1231 1229 1428 1290 ebibit
1468 1238 1576 1290 aut
1617 1227 1861 1289 sistitur
1898 1226 2290 1306 magistratui

303 1325 616 1388 rationem
646 1326 1080 1388 contumaciae
1108 1326 1491 1388 redditurus,

385 1424 680 1506 Superne
722 1427 971 1506 sculpta
998 1426 1130 1487 vidi
1166 1425 1342 1488 urbis
1387 1425 1677 1506 insignia,
1714 1425 2069 1488 hirudinem
2114 1424 2289 1486 nudo
2320 1446 2380 1484 10

302 1525 451 1605 pedi
524 1524 983 1599 inhaerentem,
1044 1543 1184 1585 cum
1249 1523 1448 1586 verbo
1505 1524 1680 1586 iuxta
1736 1523 1964 1604 posit0,
2044 1528 2289 1583 ‘PLENA

303 1627 623 1696 ou1Esc0.’

389 1721 518 1783 Hic
547 1742 691 1802 ego,
721 1743 1027 1803 perquam
1064 1733 1234 1785 certe
1264 1732 1640 1803 opportune,
1669 1722 1937 1785 conveni
1973 1720 2290 1800 hospitem

305 1822 429 1882 iam
488 1820 709 1882 urbem
771 1821 1194 1901 ingressuruS,
1250 1821 1573 1883 hominem
1631 1821 2055 1901 peregrinum,
2101 1829 2292 1899 gente

307 1919 713 1998 Locanicum.
808 1919 874 1980 Is
917 1940 1018 1982 me
1062 1921 1183 1981 sub
1223 1939 1494 2000 vespera
1536 1919 1890 1980 clanculum
1941 1915 2291 1979 introduxit
2322 1940 2382 1990 15

304 2038 376 2079 ac
405 2019 601 2079 multa
629 2017 845 2079 docuit
875 2037 1039 2097 quae
1070 2018 1207 2097 ipse
1238 2017 1454 2078 nullus
1485 2016 2071 2096 deprehendissem.

385 2115 839 2178 Aedificiorum
898 2126 961 2176 et
1013 2115 1276 2176 materia
1329 2126 1390 2177 et
1442 2126 1760 2178 structura
1809 2135 1939 2178 non
1988 2113 2295 2177 absimilis

310 2212 857 2294 Pamphagonicis,
905 2213 1027 2275 nisi
1068 2214 1239 2294 quod
1279 2214 1561 2276 anterior
1603 2234 1754 2294 pars
1795 2215 2128 2276 domorum
2167 2213 2294 2275 vite

305 2313 606 2375 continua
645 2312 736 2374 sic
767 2331 1032 2392 prorsus
1073 2313 1429 2390 obducitur,
1464 2324 1548 2389 ut,
1585 2313 1648 2374 ni
1695 2312 2104 2393 undiquaque
2145 2331 2292 2392 pen-

307 2412 532 2474 derent
575 2410 981 2472 tabernarum
1019 2410 1311 2490 insignia,
1346 2411 1631 2491 profecto
1674 2412 1738 2472 in
1778 2410 1988 2473 media
2016 2421 2080 2472 te
2106 2409 2292 2471 vinea
2320 2434 2384 2468 20

305 2521 566 2590 putares
637 2508 1086 2570 obambulare:
1156 2509 1613 2588 spectaculum,
1665 2508 1899 2587 hercle,
1944 2528 2073 2570 non
2136 2507 2291 2568 iniu-

305 2610 604 2671 cundum.

391 2706 561 2770 Nudi
611 2708 915 2770 incedunt
967 2707 1230 2785 incolae,
1284 2708 1407 2770 nisi
1459 2709 1631 2788 quod
1679 2708 1961 2770 omnium
2005 2717 2294 2787 tempora

304 2807 661 2888 pampineis
732 2806 990 2868 corollis
1060 2808 1553 2869 adumbrantur:
1640 2817 1782 2868 cute
1853 2818 2084 2868 tamen·
2135 2806 2293 2867 mire

306 2905 568 2986 depicta,
632 2917 918 2968 veterum
990 2904 1448 2967 Britannorum
1520 2924 1714 2981 more,
1784 2904 1973 2966 huius
2036 2904 2291 2984 quidem
2323 2928 2383 2978 25

306 3004 605 3079 centauri,
684 3004 854 3065 illius
928 3003 1304 3084 tragelaphi,
1388 3004 1651 3065 alterius
1728 3003 2054 3065 columbae
2124 3001 2292 3063 alitis

306 3103 709 3165 bibacissimi.
802 3101 913 3163 Est
958 3113 1020 3164 et
1065 3123 1252 3182 quem
1298 3122 1526 3163 cernas
1561 3103 1904 3182 amphorae
1935 3101 2137 3163 forma
2165 3111 2291 3162 tam

304 3201 646 3263 artificiose
689 3202 1230 3281 superinductum,
1284 3211 1351 3262 ut
1396 3200 1674 3262 brachiis
1719 3201 1898 3262 lateri
1951 3198 2292 3261 incurvatis

303 3301 511 3363 vivam
543 3300 788 3361 iurares
817 3300 1204 3380 amphoram.

383 3399 670 3460 Ardebat
713 3398 865 3459 mihi
916 3400 1165 3461 animus
1214 3399 1537 3479 publicum
1589 3399 1967 3462 convivandi
2025 3418 2285 3475 morem,
2316 3420 2383 3473 30

303 3498 460 3560 clam
492 3498 750 3575 civibus,
786 3497 1033 3560 intueri.
1094 3498 1214 3560 Cui
1245 3498 1498 3559 demum
1531 3499 1753 3559 annuit
1781 3499 2054 3578 hospes:
2098 3517 2287 3579 quan-

304 3616 493 3677 quam
527 3616 655 3657 non
685 3595 825 3656 sine
856 3595 1162 3675 plurimis,
1196 3596 1398 3675 iisque
1430 3597 1617 3658 seriis
1648 3597 2074 3676 periculorum
2115 3616 2287 3676 prae·

303 3695 777 3769 monitionibuS,
807 3714 1181 3774 morumque
1207 3695 1607 3756 documentis
1635 3718 1647 3756 :
1692 3696 1924 3775 quibus
1948 3717 2068 3775 ego
2087 3698 2287 3777 probe
