<?xml version="1.0" encoding="UTF-8"?>
<!DOCTYPE html PUBLIC "-//W3C//DTD XHTML 1.0 Transitional//EN"
    "http://www.w3.org/TR/xhtml1/DTD/xhtml1-transitional.dtd">
<html xmlns="http://www.w3.org/1999/xhtml" xml:lang="en" lang="en">
 <head>
  <title>
</title>
<meta http-equiv="Content-Type" content="text/html;charset=utf-8" />
  <meta name='ocr-system' content='tesseract 3.04.00' />
  <meta name='ocr-capabilities' content='ocr_page ocr_carea ocr_par ocr_line ocrx_word'/>
</head>
<body>
  <div class='ocr_page' id='page_1' title='image "./mundusalteretit00andegoog_0080.png"; bbox 0 0 2859 4342; ppageno 0'>
   <div class='ocr_carea' id='block_1_1' title="bbox 599 387 2606 476">
    <p class='ocr_par' dir='ltr' id='par_1_1' title="bbox 599 387 2606 476">
     <span class='ocr_line' id='line_1_1' title="bbox 599 387 2606 476; baseline -0 -23"><span class='ocrx_word' id='word_1_1' title='bbox 599 394 684 453; x_wconf 89' lang='lat'>60</span> <span class='ocrx_word' id='word_1_2' title='bbox 971 387 1371 454; x_wconf 89' lang='lat' dir='ltr'>MUNDUS</span> <span class='ocrx_word' id='word_1_3' title='bbox 1427 388 1742 453; x_wconf 86' lang='lat' dir='ltr'><strong>ALTER</strong></span> <span class='ocrx_word' id='word_1_4' title='bbox 1802 388 1916 452; x_wconf 89' lang='lat' dir='ltr'>ET</span> <span class='ocrx_word' id='word_1_5' title='bbox 1980 389 2240 453; x_wconf 88' lang='lat' dir='ltr'>IDEM·</span> <span class='ocrx_word' id='word_1_6' title='bbox 2321 387 2480 476; x_wconf 75' lang='lat' dir='ltr'>[un.</span> <span class='ocrx_word' id='word_1_7' title='bbox 2519 409 2606 452; x_wconf 84' lang='lat'>111</span> 
     </span>
    </p>
   </div>
   <div class='ocr_carea' id='block_1_2' title="bbox 549 543 2608 1415">
    <p class='ocr_par' dir='ltr' id='par_1_2' title="bbox 601 543 2608 903">
     <span class='ocr_line' id='line_1_2' title="bbox 602 543 2608 628; baseline 0.002 -22"><span class='ocrx_word' id='word_1_8' title='bbox 602 555 905 625; x_wconf 90' lang='lat' dir='ltr'>quantum</span> <span class='ocrx_word' id='word_1_9' title='bbox 964 554 1214 626; x_wconf 68' lang='lat' dir='ltr'>potest,</span> <span class='ocrx_word' id='word_1_10' title='bbox 1286 543 1686 625; x_wconf 85' lang='lat' dir='ltr'>animamque</span> <span class='ocrx_word' id='word_1_11' title='bbox 1748 565 1819 609; x_wconf 88' lang='lat' dir='ltr'>se</span> <span class='ocrx_word' id='word_1_12' title='bbox 1877 546 2231 627; x_wconf 88' lang='lat' dir='ltr'>peccatoris</span> <span class='ocrx_word' id='word_1_13' title='bbox 2289 556 2608 628; x_wconf 86' lang='lat' dir='ltr'>torquere</span> 
     </span>
     <span class='ocr_line' id='line_1_3' title="bbox 603 641 2600 724; baseline 0.001 -19"><span class='ocrx_word' id='word_1_14' title='bbox 603 653 752 717; x_wconf 87' lang='lat' dir='ltr'>rata,</span> <span class='ocrx_word' id='word_1_15' title='bbox 787 644 958 724; x_wconf 93' lang='lat' dir='ltr'>quod</span> <span class='ocrx_word' id='word_1_16' title='bbox 988 642 1155 709; x_wconf 85' lang='lat' dir='ltr'>Aiax</span> <span class='ocrx_word' id='word_1_17' title='bbox 1187 641 1338 707; x_wconf 91' lang='lat' dir='ltr'>olim</span> <span class='ocrx_word' id='word_1_18' title='bbox 1379 643 1709 706; x_wconf 84' lang='lat' dir='ltr'>insaniens</span> <span class='ocrx_word' id='word_1_19' title='bbox 1748 643 2050 708; x_wconf 90' lang='lat' dir='ltr'>arietibus</span> <span class='ocrx_word' id='word_1_20' title='bbox 2083 644 2310 708; x_wconf 87' lang='lat' dir='ltr'>secisse</span> <span class='ocrx_word' id='word_1_21' title='bbox 2339 645 2600 722; x_wconf 90' lang='lat' dir='ltr'>dicitur,</span> 
     </span>
     <span class='ocr_line' id='line_1_4' title="bbox 601 740 2603 823; baseline 0.001 -20"><span class='ocrx_word' id='word_1_22' title='bbox 601 741 827 823; x_wconf 90' lang='lat' dir='ltr'>poenis</span> <span class='ocrx_word' id='word_1_23' title='bbox 857 751 920 803; x_wconf 91' lang='lat' dir='ltr'>et</span> <span class='ocrx_word' id='word_1_24' title='bbox 949 740 1229 821; x_wconf 86' lang='lat' dir='ltr'><strong>querelis</strong></span> <span class='ocrx_word' id='word_1_25' title='bbox 1266 741 1482 803; x_wconf 89' lang='lat' dir='ltr'>miseri</span> <span class='ocrx_word' id='word_1_26' title='bbox 1518 741 1810 805; x_wconf 89' lang='lat' dir='ltr'>animalis</span> <span class='ocrx_word' id='word_1_27' title='bbox 1838 742 2054 806; x_wconf 79' lang='lat' dir='ltr'>semet</span> <span class='ocrx_word' id='word_1_28' title='bbox 2077 743 2418 806; x_wconf 88' lang='lat' dir='ltr'>admodum</span> <span class='ocrx_word' id='word_1_29' title='bbox 2447 763 2603 806; x_wconf 90' lang='lat' dir='ltr'>con-</span> 
     </span>
     <span class='ocr_line' id='line_1_5' title="bbox 602 840 862 903; baseline 0 0"><span class='ocrx_word' id='word_1_30' title='bbox 602 840 862 903; x_wconf 89' lang='lat' dir='ltr'>solatur.</span> 
     </span>
    </p>

    <p class='ocr_par' dir='ltr' id='par_1_3' title="bbox 549 937 2606 1119">
     <span class='ocr_line' id='line_1_6' title="bbox 549 937 2606 1018; baseline 0.003 -20"><span class='ocrx_word' id='word_1_31' title='bbox 549 972 577 1018; x_wconf 79' lang='lat'><strong>5</strong></span> <span class='ocrx_word' id='word_1_32' title='bbox 683 937 870 1000; x_wconf 91' lang='lat' dir='ltr'>Alius</span> <span class='ocrx_word' id='word_1_33' title='bbox 919 955 1140 1001; x_wconf 88' lang='lat' dir='ltr'>nasum</span> <span class='ocrx_word' id='word_1_34' title='bbox 1195 937 1481 1001; x_wconf 91' lang='lat' dir='ltr'>sentiens</span> <span class='ocrx_word' id='word_1_35' title='bbox 1530 940 1697 1002; x_wconf 89' lang='lat' dir='ltr'>ultra</span> <span class='ocrx_word' id='word_1_36' title='bbox 1743 940 2003 1002; x_wconf 90' lang='lat' dir='ltr'>modum</span> <span class='ocrx_word' id='word_1_37' title='bbox 2047 938 2408 1004; x_wconf 86' lang='lat' dir='ltr'>excrevisse</span> <span class='ocrx_word' id='word_1_38' title='bbox 2453 938 2606 1005; x_wconf 84' lang='lat' dir='ltr'>lora</span> 
     </span>
     <span class='ocr_line' id='line_1_7' title="bbox 602 1035 2114 1119; baseline 0.002 -22"><span class='ocrx_word' id='word_1_39' title='bbox 602 1035 872 1113; x_wconf 88' lang='lat' dir='ltr'>consuit,</span> <span class='ocrx_word' id='word_1_40' title='bbox 903 1037 1135 1117; x_wconf 91' lang='lat' dir='ltr'>quibus</span> <span class='ocrx_word' id='word_1_41' title='bbox 1164 1057 1202 1098; x_wconf 93' lang='lat' dir='ltr'>a</span> <span class='ocrx_word' id='word_1_42' title='bbox 1231 1047 1410 1117; x_wconf 93' lang='lat' dir='ltr'>tergo</span> <span class='ocrx_word' id='word_1_43' title='bbox 1441 1036 1792 1100; x_wconf 89' lang='lat' dir='ltr'>revinctum</span> <span class='ocrx_word' id='word_1_44' title='bbox 1823 1036 2114 1119; x_wconf 85' lang='lat' dir='ltr'>excipiat.</span> 
     </span>
    </p>

    <p class='ocr_par' dir='ltr' id='par_1_4' title="bbox 683 1133 2605 1216">
     <span class='ocr_line' id='line_1_8' title="bbox 683 1133 2605 1216; baseline -0.001 -19"><span class='ocrx_word' id='word_1_45' title='bbox 683 1133 866 1197; x_wconf 89' lang='lat' dir='ltr'>Alius</span> <span class='ocrx_word' id='word_1_46' title='bbox 909 1135 1290 1216; x_wconf 91' lang='lat' dir='ltr'>argillaceus</span> <span class='ocrx_word' id='word_1_47' title='bbox 1327 1133 1449 1197; x_wconf 88' lang='lat' dir='ltr'>sibi</span> <span class='ocrx_word' id='word_1_48' title='bbox 1492 1145 1662 1199; x_wconf 91' lang='lat' dir='ltr'>totus</span> <span class='ocrx_word' id='word_1_49' title='bbox 1689 1136 1942 1199; x_wconf 89' lang='lat' dir='ltr'>videtur</span> <span class='ocrx_word' id='word_1_50' title='bbox 1970 1136 2289 1198; x_wconf 88' lang='lat' dir='ltr'>vitreusve</span> <span class='ocrx_word' id='word_1_51' title='bbox 2309 1156 2327 1214; x_wconf 85' lang='lat'>;</span> <span class='ocrx_word' id='word_1_52' title='bbox 2369 1135 2605 1216; x_wconf 90' lang='lat' dir='ltr'>procul</span> 
     </span>
    </p>

    <p class='ocr_par' dir='ltr' id='par_1_5' title="bbox 602 1232 2603 1415">
     <span class='ocr_line' id='line_1_9' title="bbox 602 1232 2603 1314; baseline 0 -20"><span class='ocrx_word' id='word_1_53' title='bbox 602 1253 759 1314; x_wconf 90' lang='lat' dir='ltr'>ergo</span> <span class='ocrx_word' id='word_1_54' title='bbox 814 1233 1051 1303; x_wconf 84' lang='lat' dir='ltr'>devitat</span> <span class='ocrx_word' id='word_1_55' title='bbox 1113 1232 1355 1311; x_wconf 82' lang='lat' dir='ltr'>obviOS,</span> <span class='ocrx_word' id='word_1_56' title='bbox 1414 1234 1655 1297; x_wconf 90' lang='lat' dir='ltr'>veritus</span> <span class='ocrx_word' id='word_1_57' title='bbox 1724 1255 1824 1312; x_wconf 91' lang='lat' dir='ltr'>ne,</span> <span class='ocrx_word' id='word_1_58' title='bbox 1883 1234 1939 1299; x_wconf 90' lang='lat' dir='ltr'>si</span> <span class='ocrx_word' id='word_1_59' title='bbox 1995 1236 2214 1299; x_wconf 85' lang='lat' dir='ltr'>forsan</span> <span class='ocrx_word' id='word_1_60' title='bbox 2278 1233 2345 1296; x_wconf 93' lang='lat' dir='ltr'>in</span> <span class='ocrx_word' id='word_1_61' title='bbox 2402 1253 2603 1313; x_wconf 88' lang='lat' dir='ltr'>quem</span> 
     </span>
     <span class='ocr_line' id='line_1_10' title="bbox 602 1330 2003 1415; baseline 0.004 -22"><span class='ocrx_word' id='word_1_62' title='bbox 602 1330 942 1401; x_wconf 86' lang='lat' dir='ltr'>violentius</span> <span class='ocrx_word' id='word_1_63' title='bbox 971 1330 1318 1413; x_wconf 87' lang='lat' dir='ltr'>impegerit,</span> <span class='ocrx_word' id='word_1_64' title='bbox 1352 1332 1522 1396; x_wconf 91' lang='lat' dir='ltr'>illico</span> <span class='ocrx_word' id='word_1_65' title='bbox 1550 1333 2003 1415; x_wconf 86' lang='lat' dir='ltr'>confringatur.</span> 
     </span>
    </p>
   </div>
   <div class='ocr_carea' id='block_1_3' title="bbox 1451 1490 1729 1552">
    <p class='ocr_par' dir='ltr' id='par_1_6' title="bbox 1451 1490 1729 1552">
     <span class='ocr_line' id='line_1_11' title="bbox 1451 1490 1729 1552; baseline -0.007 0"><span class='ocrx_word' id='word_1_66' title='bbox 1451 1490 1644 1552; x_wconf 67' lang='lat' dir='ltr'>Secr.</span> <span class='ocrx_word' id='word_1_67' title='bbox 1688 1510 1729 1550; x_wconf 83' lang='lat'><strong>2</strong></span> 
     </span>
    </p>
   </div>
   <div class='ocr_carea' id='block_1_4' title="bbox 520 1629 2654 3786">
    <p class='ocr_par' dir='ltr' id='par_1_7' title="bbox 521 1629 2654 2107">
     <span class='ocr_line' id='line_1_12' title="bbox 521 1629 2604 1709; baseline -0.002 -12"><span class='ocrx_word' id='word_1_68' title='bbox 521 1661 579 1698; x_wconf 84' lang='grc' dir='ltr'>ιο</span> <span class='ocrx_word' id='word_1_69' title='bbox 685 1633 786 1695; x_wconf 82' lang='grc' dir='ltr'>ΑΒ</span> <span class='ocrx_word' id='word_1_70' title='bbox 819 1630 1119 1695; x_wconf 88' lang='lat' dir='ltr'>Ochietto</span> <span class='ocrx_word' id='word_1_71' title='bbox 1154 1631 1400 1708; x_wconf 87' lang='lat' dir='ltr'>Monte,</span> <span class='ocrx_word' id='word_1_72' title='bbox 1435 1629 1757 1694; x_wconf 87' lang='lat' dir='ltr'>Larmium</span> <span class='ocrx_word' id='word_1_73' title='bbox 1798 1629 2035 1693; x_wconf 89' lang='lat' dir='ltr'>salsum</span> <span class='ocrx_word' id='word_1_74' title='bbox 2071 1630 2339 1695; x_wconf 90' lang='lat' dir='ltr'>Flumen</span> <span class='ocrx_word' id='word_1_75' title='bbox 2369 1630 2604 1709; x_wconf 91' lang='lat' dir='ltr'>oritur,</span> 
     </span>
     <span class='ocr_line' id='line_1_13' title="bbox 605 1729 2654 1812; baseline 0.001 -21"><span class='ocrx_word' id='word_1_76' title='bbox 605 1731 894 1812; x_wconf 90' lang='lat' dir='ltr'>rigatque</span> <span class='ocrx_word' id='word_1_77' title='bbox 945 1730 1282 1793; x_wconf 90' lang='lat' dir='ltr'>maximam</span> <span class='ocrx_word' id='word_1_78' title='bbox 1333 1729 1524 1793; x_wconf 89' lang='lat' dir='ltr'>huius</span> <span class='ocrx_word' id='word_1_79' title='bbox 1575 1730 1939 1811; x_wconf 89' lang='lat' dir='ltr'>provinciae</span> <span class='ocrx_word' id='word_1_80' title='bbox 1995 1742 2262 1811; x_wconf 86' lang='lat' dir='ltr'>partem.</span> <span class='ocrx_word' id='word_1_81' title='bbox 2347 1731 2482 1795; x_wconf 89' lang='lat' dir='ltr'>Sed</span> <span class='ocrx_word' id='word_1_82' title='bbox 2532 1742 2606 1794; x_wconf 89' lang='lat' dir='ltr'>et</span> <span class='ocrx_word' id='word_1_83' title='bbox 2635 1776 2654 1793; x_wconf 89' lang='lat'>.</span> 
     </span>
     <span class='ocr_line' id='line_1_14' title="bbox 605 1829 2604 1910; baseline 0 -20"><span class='ocrx_word' id='word_1_84' title='bbox 605 1829 929 1910; x_wconf 88' lang='lat' dir='ltr'>regionem</span> <span class='ocrx_word' id='word_1_85' title='bbox 980 1829 1143 1892; x_wconf 90' lang='lat' dir='ltr'>hanc</span> <span class='ocrx_word' id='word_1_86' title='bbox 1200 1838 1396 1892; x_wconf 90' lang='lat' dir='ltr'>totam</span> <span class='ocrx_word' id='word_1_87' title='bbox 1443 1837 1892 1909; x_wconf 88' lang='lat' dir='ltr'>pertranseunt</span> <span class='ocrx_word' id='word_1_88' title='bbox 1946 1829 2202 1893; x_wconf 86' lang='lat' dir='ltr'>Montes</span> <span class='ocrx_word' id='word_1_89' title='bbox 2252 1829 2604 1910; x_wconf 87' lang='lat' dir='ltr'>Traurigii,</span> 
     </span>
     <span class='ocr_line' id='line_1_15' title="bbox 604 1926 2607 2009; baseline 0.001 -21"><span class='ocrx_word' id='word_1_90' title='bbox 604 1938 672 1989; x_wconf 89' lang='lat' dir='ltr'>ut</span> <span class='ocrx_word' id='word_1_91' title='bbox 715 1927 960 1991; x_wconf 88' lang='lat' dir='ltr'>Italiam</span> <span class='ocrx_word' id='word_1_92' title='bbox 998 1926 1361 2009; x_wconf 78' lang='lat' dir='ltr'>Apennini3</span> <span class='ocrx_word' id='word_1_93' title='bbox 1420 1927 1527 2008; x_wconf 92' lang='lat' dir='ltr'>qui</span> <span class='ocrx_word' id='word_1_94' title='bbox 1563 1927 1895 1990; x_wconf 88' lang='lat' dir='ltr'>horrorem</span> <span class='ocrx_word' id='word_1_95' title='bbox 1931 1927 2062 1990; x_wconf 87' lang='lat' dir='ltr'>sere</span> <span class='ocrx_word' id='word_1_96' title='bbox 2101 1927 2412 1990; x_wconf 91' lang='lat' dir='ltr'>incutiunt</span> <span class='ocrx_word' id='word_1_97' title='bbox 2454 1928 2607 1991; x_wconf 87' lang='lat' dir='ltr'>dira</span> 
     </span>
     <span class='ocr_line' id='line_1_16' title="bbox 607 2024 2606 2107; baseline 0.001 -20"><span class='ocrx_word' id='word_1_98' title='bbox 607 2027 877 2106; x_wconf 91' lang='lat' dir='ltr'>quadam</span> <span class='ocrx_word' id='word_1_99' title='bbox 923 2025 1288 2097; x_wconf 84' lang='lat' dir='ltr'>solitudine,</span> <span class='ocrx_word' id='word_1_100' title='bbox 1349 2024 1505 2086; x_wconf 90' lang='lat' dir='ltr'>nihil</span> <span class='ocrx_word' id='word_1_101' title='bbox 1566 2025 1740 2103; x_wconf 73' lang='lat' dir='ltr'>enim,</span> <span class='ocrx_word' id='word_1_102' title='bbox 1782 2026 1883 2088; x_wconf 90' lang='lat' dir='ltr'>hic</span> <span class='ocrx_word' id='word_1_103' title='bbox 1940 2025 2295 2107; x_wconf 87' lang='lat' dir='ltr'>conspicies</span> <span class='ocrx_word' id='word_1_104' title='bbox 2341 2036 2606 2107; x_wconf 90' lang='lat' dir='ltr'>praeter</span> 
     </span>
    </p>

    <p class='ocr_par' dir='ltr' id='par_1_8' title="bbox 520 2122 2605 2601">
     <span class='ocr_line' id='line_1_17' title="bbox 520 2122 2605 2206; baseline -0.001 -17"><span class='ocrx_word' id='word_1_105' title='bbox 520 2154 576 2204; x_wconf 85' lang='lat'>¹5</span> <span class='ocrx_word' id='word_1_106' title='bbox 607 2145 903 2187; x_wconf 90' lang='lat' dir='ltr'>ursorum</span> <span class='ocrx_word' id='word_1_107' title='bbox 960 2122 1141 2186; x_wconf 86' lang='lat' dir='ltr'>antra</span> <span class='ocrx_word' id='word_1_108' title='bbox 1198 2134 1260 2187; x_wconf 93' lang='lat' dir='ltr'>et</span> <span class='ocrx_word' id='word_1_109' title='bbox 1316 2124 1634 2204; x_wconf 89' lang='lat' dir='ltr'>tuguriola</span> <span class='ocrx_word' id='word_1_110' title='bbox 1689 2144 2005 2206; x_wconf 87' lang='lat' dir='ltr'>sagarum.</span> <span class='ocrx_word' id='word_1_111' title='bbox 2089 2124 2392 2187; x_wconf 89' lang='lat' dir='ltr'>Abundat</span> <span class='ocrx_word' id='word_1_112' title='bbox 2453 2123 2605 2187; x_wconf 92' lang='lat' dir='ltr'>istic</span> 
     </span>
     <span class='ocr_line' id='line_1_18' title="bbox 608 2221 2602 2304; baseline 0.001 -19"><span class='ocrx_word' id='word_1_113' title='bbox 608 2234 942 2304; x_wconf 90' lang='lat' dir='ltr'>utrumque</span> <span class='ocrx_word' id='word_1_114' title='bbox 1000 2223 1304 2284; x_wconf 90' lang='lat' dir='ltr'>malarum</span> <span class='ocrx_word' id='word_1_115' title='bbox 1359 2224 1703 2286; x_wconf 89' lang='lat' dir='ltr'>bestiarum</span> <span class='ocrx_word' id='word_1_116' title='bbox 1759 2244 1982 2304; x_wconf 79' lang='lat' dir='ltr'>genus,</span> <span class='ocrx_word' id='word_1_117' title='bbox 2079 2222 2305 2300; x_wconf 91' lang='lat' dir='ltr'>Ursus,</span> <span class='ocrx_word' id='word_1_118' title='bbox 2358 2221 2602 2286; x_wconf 91' lang='lat' dir='ltr'>animal</span> 
     </span>
     <span class='ocr_line' id='line_1_19' title="bbox 607 2320 2604 2401; baseline 0 -18"><span class='ocrx_word' id='word_1_119' title='bbox 607 2342 757 2384; x_wconf 91' lang='lat' dir='ltr'>vere</span> <span class='ocrx_word' id='word_1_120' title='bbox 788 2320 1327 2396; x_wconf 88' lang='lat' dir='ltr'>melancholicum,</span> <span class='ocrx_word' id='word_1_121' title='bbox 1362 2340 1480 2401; x_wconf 90' lang='lat' dir='ltr'>per</span> <span class='ocrx_word' id='word_1_122' title='bbox 1507 2320 1782 2384; x_wconf 90' lang='lat' dir='ltr'>hiemem</span> <span class='ocrx_word' id='word_1_123' title='bbox 1811 2332 2005 2384; x_wconf 88' lang='lat' dir='ltr'>totam</span> <span class='ocrx_word' id='word_1_124' title='bbox 2047 2321 2128 2383; x_wconf 69' lang='lat' dir='ltr'>in⁴</span> <span class='ocrx_word' id='word_1_125' title='bbox 2147 2320 2604 2383; x_wconf 85' lang='lat' dir='ltr'>obscurissima</span> 
     </span>
     <span class='ocr_line' id='line_1_20' title="bbox 609 2418 2603 2501; baseline -0.001 -19"><span class='ocrx_word' id='word_1_126' title='bbox 609 2442 800 2484; x_wconf 89' lang='lat' dir='ltr'>cavea</span> <span class='ocrx_word' id='word_1_127' title='bbox 843 2420 1154 2483; x_wconf 89' lang='lat' dir='ltr'>delitescit</span> <span class='ocrx_word' id='word_1_128' title='bbox 1202 2421 1530 2501; x_wconf 89' lang='lat' dir='ltr'>pedesque</span> <span class='ocrx_word' id='word_1_129' title='bbox 1579 2419 1701 2482; x_wconf 92' lang='lat' dir='ltr'>sibi</span> <span class='ocrx_word' id='word_1_130' title='bbox 1744 2419 2084 2483; x_wconf 92' lang='lat' dir='ltr'>lambendo</span> <span class='ocrx_word' id='word_1_131' title='bbox 2124 2419 2295 2482; x_wconf 89' lang='lat' dir='ltr'>vivit.</span> <span class='ocrx_word' id='word_1_132' title='bbox 2384 2418 2603 2500; x_wconf 88' lang='lat' dir='ltr'>Sagae</span> 
     </span>
     <span class='ocr_line' id='line_1_21' title="bbox 610 2517 2595 2601; baseline -0.001 -19"><span class='ocrx_word' id='word_1_133' title='bbox 610 2519 970 2601; x_wconf 88' lang='lat' dir='ltr'>decrepitae</span> <span class='ocrx_word' id='word_1_134' title='bbox 1029 2518 1316 2581; x_wconf 90' lang='lat' dir='ltr'>aniculae</span> <span class='ocrx_word' id='word_1_135' title='bbox 1387 2529 1451 2581; x_wconf 95' lang='lat' dir='ltr'>et</span> <span class='ocrx_word' id='word_1_136' title='bbox 1521 2518 1905 2599; x_wconf 89' lang='lat' dir='ltr'>impotentes</span> <span class='ocrx_word' id='word_1_137' title='bbox 1975 2517 2206 2581; x_wconf 89' lang='lat' dir='ltr'>attritis</span> <span class='ocrx_word' id='word_1_138' title='bbox 2276 2517 2595 2594; x_wconf 80' lang='lat' dir='ltr'>dentibuS,</span> 
     </span>
    </p>

    <p class='ocr_par' dir='ltr' id='par_1_9' title="bbox 520 2602 2608 2978">
     <span class='ocr_line' id='line_1_22' title="bbox 520 2602 2598 2699; baseline -0.002 -15"><span class='ocrx_word' id='word_1_139' title='bbox 520 2650 581 2684; x_wconf 85' lang='lat'>20</span> <span class='ocrx_word' id='word_1_140' title='bbox 611 2639 772 2699; x_wconf 89' lang='lat' dir='ltr'>quae</span> <span class='ocrx_word' id='word_1_141' title='bbox 807 2619 1021 2681; x_wconf 88' lang='lat' dir='ltr'>omnia</span> <span class='ocrx_word' id='word_1_142' title='bbox 1063 2639 1135 2680; x_wconf 88' lang='lat' dir='ltr'>se</span> <span class='ocrx_word' id='word_1_143' title='bbox 1178 2636 1371 2698; x_wconf 90' lang='lat' dir='ltr'>posse</span> <span class='ocrx_word' id='word_1_144' title='bbox 1413 2627 1637 2699; x_wconf 90' lang='lat' dir='ltr'>putant</span> <span class='ocrx_word' id='word_1_145' title='bbox 1675 2618 1776 2681; x_wconf 90' lang='lat' dir='ltr'>vel</span> <span class='ocrx_word' id='word_1_146' title='bbox 1820 2617 2132 2680; x_wconf 87' lang='lat' dir='ltr'>tantillum</span> <span class='ocrx_word' id='word_1_147' title='bbox 2175 2602 2598 2692; x_wconf 69' lang='lat' dir='ltr'>mussitando,</span> 
     </span>
     <span class='ocr_line' id='line_1_23' title="bbox 611 2713 2604 2799; baseline -0.001 -20"><span class='ocrx_word' id='word_1_148' title='bbox 611 2719 778 2780; x_wconf 89' lang='lat' dir='ltr'>ciere</span> <span class='ocrx_word' id='word_1_149' title='bbox 829 2727 1255 2799; x_wconf 79' lang='lat' dir='ltr'>tempestateS,</span> <span class='ocrx_word' id='word_1_150' title='bbox 1312 2715 1485 2778; x_wconf 91' lang='lat' dir='ltr'>rivos</span> <span class='ocrx_word' id='word_1_151' title='bbox 1541 2715 1786 2793; x_wconf 84' lang='lat' dir='ltr'>sistere,</span> <span class='ocrx_word' id='word_1_152' title='bbox 1841 2713 2085 2778; x_wconf 91' lang='lat' dir='ltr'>mederi</span> <span class='ocrx_word' id='word_1_153' title='bbox 2130 2713 2387 2792; x_wconf 79' lang='lat' dir='ltr'>morbiS,</span> <span class='ocrx_word' id='word_1_154' title='bbox 2434 2713 2604 2777; x_wconf 86' lang='lat' dir='ltr'>exci-</span> 
     </span>
     <span class='ocr_line' id='line_1_24' title="bbox 608 2811 2608 2896; baseline -0.002 -17"><span class='ocrx_word' id='word_1_155' title='bbox 608 2827 741 2879; x_wconf 89' lang='lat' dir='ltr'>tare</span> <span class='ocrx_word' id='word_1_156' title='bbox 804 2827 1126 2879; x_wconf 87' lang='lat' dir='ltr'>mortuos:</span> <span class='ocrx_word' id='word_1_157' title='bbox 1195 2815 1373 2896; x_wconf 90' lang='lat' dir='ltr'>ipsae</span> <span class='ocrx_word' id='word_1_158' title='bbox 1418 2825 1629 2876; x_wconf 90' lang='lat' dir='ltr'>tamen</span> <span class='ocrx_word' id='word_1_159' title='bbox 1682 2813 1934 2876; x_wconf 91' lang='lat' dir='ltr'>interim</span> <span class='ocrx_word' id='word_1_160' title='bbox 1990 2831 2146 2894; x_wconf 90' lang='lat' dir='ltr'>prae</span> <span class='ocrx_word' id='word_1_161' title='bbox 2206 2832 2383 2876; x_wconf 90' lang='lat' dir='ltr'>mera</span> <span class='ocrx_word' id='word_1_162' title='bbox 2430 2811 2608 2876; x_wconf 85' lang='lat' dir='ltr'>fame</span> 
     </span>
     <span class='ocr_line' id='line_1_25' title="bbox 607 2916 980 2978; baseline 0.003 -1"><span class='ocrx_word' id='word_1_163' title='bbox 607 2916 980 2978; x_wconf 88' lang='lat' dir='ltr'>moriuntur.</span> 
     </span>
    </p>

    <p class='ocr_par' dir='ltr' id='par_1_10' title="bbox 696 3008 2605 3091">
     <span class='ocr_line' id='line_1_26' title="bbox 696 3008 2605 3091; baseline -0.002 -14"><span class='ocrx_word' id='word_1_164' title='bbox 696 3014 1010 3077; x_wconf 91' lang='lat' dir='ltr'>Montium</span> <span class='ocrx_word' id='word_1_165' title='bbox 1070 3012 1335 3076; x_wconf 88' lang='lat' dir='ltr'>istorum</span> <span class='ocrx_word' id='word_1_166' title='bbox 1393 3012 1560 3076; x_wconf 88' lang='lat' dir='ltr'>latus</span> <span class='ocrx_word' id='word_1_167' title='bbox 1616 3013 1985 3076; x_wconf 86' lang='lat' dir='ltr'>umbrosum</span> <span class='ocrx_word' id='word_1_168' title='bbox 2042 3010 2247 3091; x_wconf 91' lang='lat' dir='ltr'>operit</span> <span class='ocrx_word' id='word_1_169' title='bbox 2303 3008 2605 3074; x_wconf 90' lang='lat' dir='ltr'>Bubonia</span> 
     </span>
    </p>

    <p class='ocr_par' dir='ltr' id='par_1_11' title="bbox 522 3109 2604 3274">
     <span class='ocr_line' id='line_1_27' title="bbox 522 3109 2604 3193; baseline 0 -23"><span class='ocrx_word' id='word_1_170' title='bbox 522 3133 582 3184; x_wconf 84' lang='lat'>25</span> <span class='ocrx_word' id='word_1_171' title='bbox 613 3112 806 3191; x_wconf 88' lang='lat' dir='ltr'>Silva,</span> <span class='ocrx_word' id='word_1_172' title='bbox 853 3112 1136 3193; x_wconf 88' lang='lat' dir='ltr'>spectris,</span> <span class='ocrx_word' id='word_1_173' title='bbox 1185 3113 1277 3174; x_wconf 90' lang='lat' dir='ltr'>uti</span> <span class='ocrx_word' id='word_1_174' title='bbox 1321 3110 1530 3174; x_wconf 89' lang='lat' dir='ltr'>serunt</span> <span class='ocrx_word' id='word_1_175' title='bbox 1572 3110 1778 3188; x_wconf 92' lang='lat' dir='ltr'>vicini,</span> <span class='ocrx_word' id='word_1_176' title='bbox 1826 3120 2136 3191; x_wconf 90' lang='lat' dir='ltr'>perpetuo</span> <span class='ocrx_word' id='word_1_177' title='bbox 2180 3109 2473 3172; x_wconf 88' lang='lat' dir='ltr'>infestata</span> <span class='ocrx_word' id='word_1_178' title='bbox 2525 3128 2604 3171; x_wconf 89' lang='lat' dir='ltr'>ac</span> 
     </span>
     <span class='ocr_line' id='line_1_28' title="bbox 609 3210 1198 3274; baseline 0 -1"><span class='ocrx_word' id='word_1_179' title='bbox 609 3211 981 3274; x_wconf 90' lang='lat' dir='ltr'>mortalibus</span> <span class='ocrx_word' id='word_1_180' title='bbox 1010 3210 1198 3273; x_wconf 86' lang='lat' dir='ltr'>invia.</span> 
     </span>
    </p>

    <p class='ocr_par' dir='ltr' id='par_1_12' title="bbox 607 3307 2605 3595">
     <span class='ocr_line' id='line_1_29' title="bbox 693 3307 2604 3392; baseline -0.003 -20"><span class='ocrx_word' id='word_1_181' title='bbox 693 3309 1236 3392; x_wconf 89' lang='lat' dir='ltr'>Lycanthropicos</span> <span class='ocrx_word' id='word_1_182' title='bbox 1273 3328 1389 3391; x_wconf 91' lang='lat' dir='ltr'>per</span> <span class='ocrx_word' id='word_1_183' title='bbox 1427 3309 1592 3372; x_wconf 89' lang='lat' dir='ltr'>hanc</span> <span class='ocrx_word' id='word_1_184' title='bbox 1630 3308 1852 3372; x_wconf 89' lang='lat' dir='ltr'>silvam</span> <span class='ocrx_word' id='word_1_185' title='bbox 1893 3308 2133 3389; x_wconf 89' lang='lat' dir='ltr'>passim</span> <span class='ocrx_word' id='word_1_186' title='bbox 2162 3307 2604 3369; x_wconf 86' lang='lat' dir='ltr'>discurrentes</span> 
     </span>
     <span class='ocr_line' id='line_1_30' title="bbox 607 3405 2605 3490; baseline -0.003 -18"><span class='ocrx_word' id='word_1_187' title='bbox 607 3408 893 3487; x_wconf 84' lang='lat' dir='ltr'>videbis;</span> <span class='ocrx_word' id='word_1_188' title='bbox 936 3409 1318 3490; x_wconf 88' lang='lat' dir='ltr'>territusque</span> <span class='ocrx_word' id='word_1_189' title='bbox 1346 3409 1496 3489; x_wconf 90' lang='lat' dir='ltr'>plus</span> <span class='ocrx_word' id='word_1_190' title='bbox 1530 3409 1703 3484; x_wconf 86' lang='lat' dir='ltr'>satis,</span> <span class='ocrx_word' id='word_1_191' title='bbox 1739 3408 1805 3469; x_wconf 91' lang='lat' dir='ltr'>ni</span> <span class='ocrx_word' id='word_1_192' title='bbox 1837 3408 2104 3470; x_wconf 90' lang='lat' dir='ltr'>istorum</span> <span class='ocrx_word' id='word_1_193' title='bbox 2131 3425 2373 3469; x_wconf 92' lang='lat' dir='ltr'>morem</span> <span class='ocrx_word' id='word_1_194' title='bbox 2399 3405 2605 3467; x_wconf 87' lang='lat' dir='ltr'>vocis·</span> 
     </span>
     <span class='ocr_line' id='line_1_31' title="bbox 609 3506 2130 3595; baseline -0.003 -23"><span class='ocrx_word' id='word_1_195' title='bbox 609 3529 731 3590; x_wconf 92' lang='lat' dir='ltr'>que</span> <span class='ocrx_word' id='word_1_196' title='bbox 762 3509 1048 3571; x_wconf 88' lang='lat' dir='ltr'>fraudem</span> <span class='ocrx_word' id='word_1_197' title='bbox 1078 3506 1506 3595; x_wconf 77' lang='lat' dir='ltr'>praenoveris,</span> <span class='ocrx_word' id='word_1_198' title='bbox 1540 3506 1765 3569; x_wconf 86' lang='lat' dir='ltr'>audies</span> <span class='ocrx_word' id='word_1_199' title='bbox 1794 3506 2130 3569; x_wconf 79' lang='lat' dir='ltr'>ululantes·</span> 
     </span>
    </p>

    <p class='ocr_par' dir='ltr' id='par_1_13' title="bbox 523 3602 2603 3786">
     <span class='ocr_line' id='line_1_32' title="bbox 523 3602 2601 3683; baseline -0.004 -8"><span class='ocrx_word' id='word_1_200' title='bbox 523 3625 587 3675; x_wconf 79' lang='lat'>30</span> <span class='ocrx_word' id='word_1_201' title='bbox 694 3607 827 3670; x_wconf 87' lang='lat' dir='ltr'>Sed</span> <span class='ocrx_word' id='word_1_202' title='bbox 870 3618 934 3670; x_wconf 93' lang='lat' dir='ltr'>et</span> <span class='ocrx_word' id='word_1_203' title='bbox 974 3606 1040 3668; x_wconf 92' lang='lat' dir='ltr'>in</span> <span class='ocrx_word' id='word_1_204' title='bbox 1076 3605 1263 3669; x_wconf 86' lang='lat' dir='ltr'>Valle</span> <span class='ocrx_word' id='word_1_205' title='bbox 1307 3605 1584 3683; x_wconf 89' lang='lat' dir='ltr'>Gramia,</span> <span class='ocrx_word' id='word_1_206' title='bbox 1625 3605 1943 3668; x_wconf 91' lang='lat' dir='ltr'>montibus</span> <span class='ocrx_word' id='word_1_207' title='bbox 1985 3604 2162 3667; x_wconf 87' lang='lat' dir='ltr'>hisce</span> <span class='ocrx_word' id='word_1_208' title='bbox 2204 3602 2601 3679; x_wconf 88' lang='lat' dir='ltr'>subiacente,</span> 
     </span>
     <span class='ocr_line' id='line_1_33' title="bbox 613 3702 2603 3786; baseline -0.002 -17"><span class='ocrx_word' id='word_1_209' title='bbox 613 3708 912 3769; x_wconf 88' lang='lat' dir='ltr'>oberrant</span> <span class='ocrx_word' id='word_1_210' title='bbox 959 3703 1230 3786; x_wconf 90' lang='lat' dir='ltr'>plurimi,</span> <span class='ocrx_word' id='word_1_211' title='bbox 1277 3724 1441 3785; x_wconf 90' lang='lat' dir='ltr'>quos</span> <span class='ocrx_word' id='word_1_212' title='bbox 1489 3704 1786 3785; x_wconf 88' lang='lat' dir='ltr'>princeps</span> <span class='ocrx_word' id='word_1_213' title='bbox 1835 3722 2129 3783; x_wconf 86' lang='lat' dir='ltr'>sagarum</span> <span class='ocrx_word' id='word_1_214' title='bbox 2186 3702 2484 3765; x_wconf 89' lang='lat' dir='ltr'>Melaena</span> <span class='ocrx_word' id='word_1_215' title='bbox 2534 3704 2603 3766; x_wconf 85' lang='lat' dir='ltr'>in</span> 
     </span>
    </p>
   </div>
   <div class='ocr_carea' id='block_1_5' title="bbox 2823 54 2825 1175">
    <p class='ocr_par' dir='ltr' id='par_1_14' title="bbox 2823 54 2825 1175">
     <span class='ocr_line' id='line_1_34' title="bbox 2823 54 2825 1175; baseline 0 0"><span class='ocrx_word' id='word_1_216' title='bbox 2823 54 2825 1175; x_wconf 95' lang='lat' dir='ltr'> </span> 
     </span>
    </p>
   </div>
   <div class='ocr_carea' id='block_1_6' title="bbox 2822 1304 2825 2014">
    <p class='ocr_par' dir='ltr' id='par_1_15' title="bbox 2822 1304 2825 2014">
     <span class='ocr_line' id='line_1_35' title="bbox 2822 1304 2825 2014; baseline 0 0"><span class='ocrx_word' id='word_1_217' title='bbox 2822 1304 2825 2014; x_wconf 95' lang='lat' dir='ltr'> </span> 
     </span>
    </p>
   </div>
  </div>
 </body>
</html>
