2859 4342
300 434 443 478 CAP.
474 413 548 498 v]
1034 415 1128 475 VI
1142 415 1533 477 RAGINIA
2204 433 2283 494 45

382 574 700 650 Quoniam
725 593 880 635 vero
909 583 1163 652 praeter
1189 571 1544 650 Locanicos
1567 572 1646 632 ab
1666 570 2086 633 adiacentium
2102 572 2286 634 'nullo

300 673 650 753 periculum
688 672 808 734 sibi
839 681 1067 755 putant·
1092 670 1423 731 imminere
1452 670 1711 749 (quippe
1746 669 1797 730 F
1802 671 2088 750 rugiona,
2123 670 2287 750 paci-

300 770 420 832 fica
461 791 637 849 genS,
672 767 1130 850 ipsasirritare
1171 787 1300 829 non
1333 765 1466 827 vult
1485 787 1503 843 ;
1554 766 1852 828 Moronia
1886 788 2017 830 non
2055 778 2287 849 potest,

299 868 352 930 si
396 867 548 929 velit
593 866 911 944 maxime),
960 865 1108 926 hinc
1151 865 1220 927 fit
1266 873 1332 924 ut
1376 865 1825 944 praesidiarias
1867 869 2059 929 urbes
2101 868 2288 928 Ama·

300 986 529 1027 zonum
561 966 625 1026 in
657 964 976 1026 Orientali
1010 963 1330 1042 Locaniae
1358 962 1675 1024 vestibulo
1706 963 2174 1027 collocaverint.
2346 990 2373 1038 5

385 1065 515 1126 Ubi
559 1074 764 1126 tacere
805 1083 1056 1142 nequeo
1087 1071 1393 1142 quantum
1436 1082 1536 1123 me
1580 1081 1730 1141 spes
1773 1083 1916 1125 mea
1958 1063 2287 1142 fefellerit;

299 1161 644 1244 conspecto
673 1161 840 1223 enim
870 1162 1071 1223 semel
1102 1151 1267 1221 virili
1304 1159 1543 1237 habitu,
1574 1164 1703 1221 non
1740 1181 1964 1241 parum
1994 1164 2289 1242 sperabat

296 1261 451 1323 mihi
476 1260 726 1322 animus
755 1280 858 1320 me
887 1257 1375 1320 molestissimas
1404 1258 1775 1338 Viraginiae
1804 1279 1954 1320 oras
1982 1261 2282 1322 evasisse.

301 1360 435 1423 Sed
478 1360 734 1420 illusum
775 1368 1043 1420 externa
1082 1356 1433 1417 incolarum
1474 1357 1687 1436 specie
1727 1356 1944 1418 docuit
1980 1370 2285 1436 eventus;

299 1458 399 1519 hic
456 1456 626 1519 enim
685 1457 981 1517 bracatae
1038 1454 1342 1516 incedunt
1399 1454 1687 1531 feminae,
1736 1455 2092 1535 barbasque
2147 1476 2284 1535 pro·
2317 1484 2378 1518 10

298 1548 461 1618 lixas
494 1556 708 1631 alunt;
745 1555 862 1615 viri
892 1552 1102 1615 stolati
1134 1564 1196 1615 et
1225 1553 1560 1629 imberbes,
1587 1552 1695 1633 qui
1725 1553 1998 1615 lanificio
2026 1564 2285 1617 strenue

299 1655 672 1716 incumbunt
702 1652 897 1729 domi,
929 1654 1080 1714 dum
1111 1650 1385 1716 feminae
1417 1651 1510 1713 rei
1545 1651 1816 1713 rusticae
1844 1656 2102 1732 operam
2132 1653 2287 1714 dant

298 1764 362 1815 et
393 1752 666 1814 militari.

381 1850 532 1913 Non
578 1850 666 1911 ita
717 1849 984 1911 Barbari
1035 1871 1186 1912 suas
1231 1851 1531 1911 mulieres
1573 1850 1675 1911 vel
1719 1849 2082 1911 Aristotelis
2126 1870 2283 1913 aevo

298 1951 665 2024 tractabant,
728 1950 830 2011 vel
889 1949 1231 2011 etiamnum
1290 1959 1560 2011 tractant
1623 1949 1976 2029 imperiose,
2034 1958 2102 2010 ut
2158 1949 2284 2011 illic
2315 1976 2373 2024 15

298 2047 565 2110 feminae
615 2047 807 2109 viros,
903 2047 1251 2109 Miserebat
1301 2064 1404 2108 me
1456 2058 1625 2109 certe
1676 2057 1885 2110 tantae
1943 2047 2281 2110 servitutis.

301 2147 480 2209 Nihil
524 2147 806 2222 induere,
840 2146 1050 2226 eloqui
1091 2146 1327 2208 audent
1366 2145 1519 2207 boni
1554 2145 1669 2207 viri
1709 2146 1952 2208 iniussu
1993 2166 2284 2223 uxorum,

297 2266 414 2309 nec
445 2266 573 2326 quo
603 2245 781 2308 exire
812 2265 929 2308 nec
972 2265 1161 2325 quem
1202 2245 1491 2307 contueri
1521 2256 1628 2307 aut
1657 2245 1914 2326 alloqui,
1945 2245 2067 2307 nisi
2101 2245 2288 2307 venia

295 2345 473 2425 prius
505 2344 856 2406 humillime
882 2344 1230 2425 impetrata.

380 2442 457 2504 Id
516 2443 688 2522 quod
748 2443 1060 2505 hodierno
1118 2443 1222 2504 die
1279 2443 1561 2504 sanctius
1624 2463 1810 2522 quam
1869 2443 2020 2504 olim
2075 2444 2286 2505 obser·
2316 2469 2376 2503 20

297 2551 510 2602 vatum
543 2540 754 2602 didici.
845 2540 967 2602 Cui
998 2542 1090 2603 rei
1120 2541 1431 2604 rationem
1463 2542 1627 2602 hanc
1651 2541 1860 2602 ferunt
1891 2561 2071 2603 esse:
2115 2542 2284 2621 quod

297 2639 579 2700 virorum
637 2633 1034 2701 cordatiores
1093 2638 1365 2719 quidam,
1427 2639 1707 2718 pertaesi
1765 2640 1887 2699 iam
1960 2659 2108 2700 sero
2161 2650 2286 2701 tam

297 2736 563 2817 ignavae
622 2730 953 2821 turpisque
1012 2738 1359 2815 servitutiS,
1410 2738 1745 2799 consilium
1802 2738 2072 2800 inissent
2126 2747 2289 2800 stata

295 2837 570 2915 quadam
616 2847 801 2898 nocte
835 2836 1105 2898 feminas
1144 2836 1503 2897 clanculum
1533 2836 1885 2913 adoriendi,
1917 2847 2287 2916 secretaque

295 2944 507 3015 strage
526 2934 973 3015 gravissimum
995 2935 1116 2996 hoc
1141 2935 1358 3015 iugum
1380 2935 1760 2996 excutiendi.
1816 2935 2010 3011 Quod
2029 2935 2284 3015 quidem
2317 2953 2376 2998 25

296 3032 564 3095 feliciter
594 3032 938 3110 evenisset,
970 3032 1035 3092 ni
1065 3032 1479 3094 meticulosus
1508 3032 1765 3111 quidam
1797 3032 2154 3107 homuncio,
2185 3032 2285 3093 cui

293 3132 577 3193 subirata
625 3131 858 3206 coniux
908 3132 991 3192 ob
1042 3130 1231 3191 officii
1281 3129 1548 3190 alicuius
1604 3130 1964 3210 neglectum
2022 3131 2287 3193 verbera

293 3229 578 3291 minitata
635 3240 748 3305 est,
811 3240 881 3291 ut
951 3228 1326 3310 supplicium
1391 3228 1711 3304 evaderet,
1772 3238 1966 3289 totam
2037 3226 2286 3289 consilii

292 3327 601 3388 rationem
632 3328 755 3389 sub
784 3347 1055 3410 vespera
1082 3325 1507 3406 patefecisset.

372 3424 619 3487 Sedent
671 3425 989 3502 mulieres,
1041 3426 1192 3487 dum
1242 3424 1361 3485 viri
1407 3423 1804 3487 ministrant:
1865 3425 2014 3487 dum
2065 3442 2283 3505 exper-
2314 3446 2375 3494 30
2437 3422 2497 3515 ’l

289 3523 637 3603 giscuntur,
686 3507 1051 3586 dormiunt.:
1110 3524 1260 3585 dum
1306 3523 1578 3602 plorant,
1631 3523 1920 3597 rixantur
1965 3535 2027 3585 et
2069 3525 2286 3587 verbe·

291 3633 450 3683 rant.
537 3621 704 3682 Albo
756 3621 972 3701 lapillo
1024 3622 1256 3701 dignus
1300 3630 1397 3682 est
1446 3620 1552 3682 ille
1596 3620 1735 3683 dies
1793 3621 1892 3682 cui
1950 3621 2053 3684 isti
2108 3622 2287 3684 salva

291 3720 542 3798 possint
579 3730 722 3781 cute
763 3718 1135 3782 valedicere.
1223 3718 1423 3781 Visus
1455 3719 1607 3780 mihi
1638 3738 1847 3781 essem
1877 3718 2088 3781 denuo
2120 3713 2286 3782 inter

2571 3534 2598 3559 n(
