2859 4342
317 433 461 478 cAP.
493 412 592 496 vi]
1067 413 1542 478 CRAPULIA
2236 433 2305 475 11

317 571 438 633 bus
467 570 627 633 forte
661 570 972 634 Romanis
999 571 1376 648 didicerunt,
1402 570 1652 652 integra
1679 571 1974 633 animalia
2002 569 2311 632 machinis

316 670 692 750 quibusdam
744 669 1096 750 patinariis,
1140 670 1364 751 quales
1420 670 1590 750 apud
1653 669 2023 732 Petronium
2075 669 2312 749 legisse

317 767 590 845 memini,
638 768 943 830 sudantes
988 767 1257 830 ministri
1304 776 1659 848 apportant.
1745 767 1917 830 Ante
1963 787 2079 830 sex
2122 766 2313 829 horas

318 888 507 930 nemo
547 867 749 947 surgit
788 866 928 928 sine
967 866 1218 946 piaculo
1239 887 1256 944 ς
1302 865 1410 928 diu
1449 866 1618 928 enirn
1648 876 1711 928 et
1747 865 2049 946 paulatim
2085 865 2314 928 esitant

318 966 691 1046 bibuntque,
739 966 822 1027 ob
872 965 1140 1027 eandem
1191 965 1379 1044 plane
1441 985 1713 1042 causam,
1770 985 1895 1046 qua
1952 964 2151 1027 fretus
2209 964 2314 1025 ille
2344 987 2372 1039 5

318 1064 469 1128 olim
516 1064 980 1126 famosissimus
1025 1063 1216 1124 heluo
1267 1064 1500 1125 collum
1547 1063 1668 1125 sibi
1718 1063 2013 1143 gruinum
2060 1073 2314 1144 optasse

320 1162 537 1226 fertur.
630 1161 1018 1224 Discedendi
1048 1181 1202 1225 vero
1246 1172 1499 1242 tempus
1543 1161 1665 1223 hoc
1704 1163 1896 1224 modo
1931 1161 2314 1223 metiuntur:

320 1260 550 1323 ostium
593 1261 828 1322 habent
871 1260 936 1321 in
981 1260 1325 1340 praetorio,
1356 1260 1512 1322 satis
1540 1261 1641 1323 vel
1687 1260 2078 1340 amplissimo
2122 1257 2313 1320 ieiuni

321 1358 599 1421 hominis
644 1357 965 1420 abdomini
1012 1360 1569 1434 accommodatum,
1604 1378 1722 1439 per
1762 1357 1943 1420 cuius
1987 1358 2315 1438 angustias

321 1457 556 1520 intrant
586 1457 1002 1519 adventantes
1033 1457 1377 1520 convivae:
1422 1458 1566 1519 illac
1596 1467 1796 1519 tentat
1824 1457 2091 1537 quisque
2121 1455 2315 1518 finitis
2346 1476 2409 1513 ιο

321 1555 446 1618 iam
477 1555 683 1636 epulis
723 1556 939 1633 exire;
983 1556 1039 1617 si
1070 1556 1306 1633 haeret,
1341 1555 1647 1617 aliorsum
1675 1556 1983 1617 emittitur
2001 1577 2018 1633 ;
2062 1555 2231 1635 quod
2261 1553 2316 1616 si

322 1674 526 1735 aeque
561 1654 744 1718 facile
783 1675 856 1717 ac
894 1656 1143 1736 pridem
1183 1656 1433 1719 ieiunus
1473 1657 1762 1732 evaserit,
1798 1675 2038 1718 moram
2079 1655 2170 1716 illi
2211 1655 2319 1715 im·

321 1764 503 1833 perat
536 1752 790 1816 Morum
821 1754 1149 1835 Magister,
1179 1765 1240 1817 et
1272 1755 1698 1816 introductum
1730 1756 1939 1817 denuo
1971 1753 2317 1835 quamlibet

322 1850 585 1915 invitum
617 1853 786 1934 cogit
815 1853 1231 1929 discumbere,
1264 1854 1470 1915 donec
1501 1854 1797 1916 exeundo
1828 1873 1957 1914 non
1987 1853 2085 1915 sit.

407 1950 654 2014 Hortos
703 1951 788 2012 ibi
839 1951 1075 2014 habent
1138 1952 1477 2013 multorum
1528 1951 1812 2032 profecto
1864 1951 2150 2032 iugerum
2204 1952 2317 2014 sed
2350 1969 2408 2021 15

322 2050 715 2114 invenustOS.
816 2051 891 2112 In
916 2051 1149 2131 quibus
1167 2052 1402 2114 frustra
1419 2072 1506 2127 eS,
1536 2051 1590 2112 si
1614 2059 1946 2131 exspectas
1966 2050 2316 2113 areolarum

323 2149 582 2212 nitelam
628 2160 691 2212 et
734 2149 1024 2212 ordinem
1066 2160 1173 2212 aut
1217 2149 1645 2230 pulcherrima
1688 2150 1916 2212 florum
1956 2148 2318 2230 pigmenta;

324 2247 573 2309 consita
603 2248 706 2308 hic
741 2248 955 2327 potius
991 2268 1216 2310 cernes
1257 2248 1473 2310 omnia
1510 2247 1827 2328 raphaniS,
1863 2247 2028 2324 allio,
2061 2248 2316 2309 meloni·

323 2348 461 2423 buS,
495 2366 659 2426 quos
688 2346 838 2407 hinc
868 2346 1046 2426 petiit
1078 2346 1307 2408 lautior
1340 2346 1543 2409 ltalia.

608 2502 733 2558 Illic
770 2502 1005 2560 videres
1042 2503 1247 2559 frutice
1286 2503 1466 2559 nobili
1505 2503 1722 2573 cauleS‚
2350 2535 2414 2572 20

609 2591 683 2646 Et
719 2600 1034 2663 utrumque
1072 2609 1333 2663 porrum,
1372 2591 1735 2664 sessilesque
1773 2590 2045 2661 lactucaS,

607 2678 899 2751 Pigroque
936 2678 1129 2735 ventri
1166 2697 1287 2734 non
1325 2677 1561 2735 inutiles
1598 2680 1781 2735 betaS.

407 2830 540 2892 Sed
572 2821 640 2892 et'
672 2827 1059 2891 Ptochaeum
1100 2827 1203 2890 hic
1242 2828 1565 2908 publicum
1607 2839 1721 2907 est,
1756 2828 1820 2889 in
1851 2849 1978 2910 quo
2012 2840 2322 2909 quotquot

323 2927 694 3008 hydropem,
743 2937 852 2988 aut
900 2928 1273 3008 podagram,
1315 2938 1423 2989 aut
1475 2927 1910 2989 asthmaticam
1956 2927 2318 3008 passionem

324 3027 578 3088 edendo
636 3045 709 3091 ac
768 3025 1049 3087 bibendo
1108 3025 1543 3087 contraxerint
1597 3027 1678 3088 de
1735 3026 1988 3106 publico
2045 3027 2317 3089 aluntur.
2351 3057 2412 3105 25

325 3124 458 3188 Sed
486 3125 595 3205 qui
625 3124 909 3187 edentuli
938 3124 1063 3187 iarn
1096 3124 1238 3186 sacti
1269 3136 1418 3187 sunt
1449 3144 1601 3205 prae
1630 3125 1829 3203 senio,
1855 3125 1957 3187 vel
1990 3126 2323 3188 temeraria

323 3235 386 3286 et
445 3224 697 3286 incauta
753 3222 1206 3300 masticatione,
1261 3223 1327 3285 in
1379 3223 1766 3286 Sorboniam
1829 3225 2113 3286 Insulam
2172 3225 2323 3286 rele-

320 3333 572 3404 gantur.

410 3421 626 3483 Habet
666 3421 940 3501 quidem,
980 3422 1439 3502 mancipiorum
1484 3422 1699 3499 instar,
1738 3443 1972 3485 vernas
2014 3421 2322 3502 plurimos

322 3520 592 3602 quisque
643 3520 959 3597 ditiorum,
1015 3521 1186 3602 agris
1241 3522 1571 3602 hortisque
1632 3521 1922 3584 colendis
1970 3521 2321 3582 vilioribus·
2349 3551 2415 3602 30

323 3640 448 3699 que
477 3618 699 3680 officiis
730 3619 1109 3699 deputatos;
1154 3619 1262 3701 qui
1297 3630 1510 3683 tamen
1547 3621 1654 3682 ubi
1693 3622 1775 3684 ad
1815 3621 2043 3682 iustam
2084 3618 2321 3700 magni-

324 3717 609 3779 tudinem
640 3718 1049 3797 pervenerint
1079 3719 1399 3782 donantur
1428 3719 1736 3783 libertate.
