2859 4342
560 395 645 473 46
932 392 1334 458 MUNDUS
1390 393 1704 457 ALTER
1767 393 1882 456 ET
1941 392 2173 456 IDEM
2310 391 2468 476 [Lm.
2503 412 2562 456 11

562 548 836 612 Turcica
870 548 1182 631 mancipia
1209 549 1469 628 versari,
1504 549 1568 611 ni
1611 570 1713 613 me
1752 550 2004 613 habitus
2042 549 2382 613 discrimen
2420 558 2555 612 tur·

561 646 760 729 pioris
801 648 1042 712 servitii
1081 648 1453 712 monuisset.
1536 648 1698 723 Vah,
1734 650 1924 730 quale
1953 647 2382 730 spectaculum
2410 658 2560 710 erat

564 744 629 809 in
685 745 852 808 virili
910 766 1100 810 manu
1158 746 1336 810 colus
1405 766 1479 809 ac
1547 758 1812 824 stamen,
1874 746 1939 808 in
2004 744 2297 809 muliebri
2353 746 2558 827 pugio

563 845 940 909 baculusve!
1047 844 1455 909 Dissimulavi
1518 855 1747 922 tamen,
1811 857 1879 909 ut
1946 844 2142 926 potui,
2215 845 2552 926 pudorem,

508 966 536 1020 5
566 944 847 1005 animum
869 943 1154 1008 studiose
1172 943 1502 1025 applicans
1533 953 1601 1007 ut
1623 942 1838 1008 omnia
1856 963 2250 1024 cognoscere
2266 963 2552 1025 possem,
2633 1022 2636 1025 Ι

564 1041 721 1105 nihil
750 1041 896 1124 pati.

645 1140 719 1204 Si
769 1161 896 1221 qua
943 1141 1349 1205 clementiore
1391 1139 1652 1220 ingenio
1693 1140 2061 1204 muliercula
2103 1139 2316 1204 mitius
2351 1136 2558 1219 egerit

562 1239 889 1314 cum-viro,
921 1260 997 1302 ac
1040 1239 1385 1315 remissiuS,
1418 1239 1643 1311 statim,
1681 1238 1771 1301 uti
1812 1238 1913 1301 hic
1952 1238 2324 1301 delatricum
2364 1238 2558 1318 plena

564 1346 712 1400 sunt
754 1337 984 1413 omnia,
1033 1337 1317 1400 defertur
1356 1337 1440 1401 ad
1483 1346 1791 1413 senatum,
1828 1337 2165 1418 laesaeque
2209 1334 2554 1399 maiestatis

481 1452 540 1488 10
565 1432 905 1499 incusatur.
966 1435 1229 1499 Crimen
1257 1434 1352 1496 illi
1378 1434 1689 1498 intentant
1708 1434 1967 1512 vicinae,
1995 1455 2125 1498 non
2153 1435 2293 1498 sine
2324 1452 2557 1512 magna

564 1544 629 1596 et
655 1532 848 1596 animi
878 1532 1303 1597 commotione
1331 1546 1394 1598 et
1424 1533 1831 1597 contentione
1861 1534 2053 1597 vocis,
2138 1534 2332 1610 Quod
2363 1531 2417 1594 si
2447 1550 2556 1597 res

565 1632 665 1694 vel
712 1632 1051 1695 levissimis
1100 1633 1353 1697 indiciis
1398 1632 1760 1709 innotuerit,
1804 1634 1925 1697 hoc
1974 1632 2165 1694 modo
2210 1652 2322 1695 rea
2365 1630 2554 1713 plecti

565 1729 767 1793 solet:
809 1740 1051 1794 vestem
1095 1730 1341 1811 cogitur
1384 1740 1629 1793 mutare
1669 1749 1810 1790 cum
1854 1729 2013 1806 vir0,
2044 1728 2263 1809 sicque
2306 1729 2550 1803 amicta,

568 1849 717 1891 raso
771 1830 989 1910 capite,
1051 1830 1309 1910 prodire
1366 1829 1433 1892 in
1489 1829 1740 1892 forum:
1808 1827 1893 1889 ibi
1951 1836 2084 1891 toto
2145 1827 2250 1890 die
2307 1837 2431 1890 stat
2488 1827 2550 1888 in

481 1938 541 1991 ¹5
566 1927 829 1990 editiore
855 1927 1012 2002 loco,
1035 1928 1316 1989 omnium
1340 1928 1788 2008 spectatricum
1812 1925 2114 1988 conviciis
2134 1945 2205 1988 ac
2229 1925 2555 1987 cachinnis

566 2026 878 2106 exposita.
970 2024 1199 2106 Neque
1226 2025 1327 2089 vir
1352 2026 1492 2107 ipse
1531 2026 1698 2087 hanc
1724 2023 2054 2088 audaciam
2084 2025 2245 2088 feret
2273 2025 2548 2105 impune,

566 2123 674 2203 qui
714 2123 1027 2186 tantillum
1068 2123 1189 2185 sibi
1231 2144 1269 2187 a
1313 2123 1578 2185 muliere
1620 2122 1899 2185 oblatum
1944 2121 2225 2187 favorem
2265 2143 2392 2186 non
2430 2142 2557 2184 mo·

569 2221 748 2283 deste
789 2219 1135 2284 recusarit:
1175 2220 1281 2283 ubi
1326 2220 1435 2283 illa
1477 2220 1737 2282 tandem
1778 2219 2036 2283 domum
2081 2219 2353 2295 redierit,
2398 2219 2550 2295 lut0,

569 2318 967 2382 contumeliis
1022 2318 1528 2395 maculatissima,
1581 2327 1825 2382 vestem
1881 2337 2012 2381 non
2066 2328 2215 2381 ante
2271 2317 2556 2397 deponit,

480 2438 547 2477 πο
568 2437 759 2498 quam
789 2427 1120 2479 cruentum
1159 2417 1572 2482 ostentaverit
1600 2416 1913 2493 baculum,
1938 2436 2064 2496 quo
2094 2415 2212 2479 viri
2242 2416 2340 2479 sui
2371 2426 2557 2497 caput

567 2514 776 2580 valide
806 2514 1263 2580 comminuerit.
1979 2570 1984 2575 .

656 2613 861 2675 Uxori
903 2633 1062 2675 suae
1097 2613 1385 2695 quisquis
1418 2613 1861 2694 supervixerit,
1894 2623 2001 2675 aut
2043 2611 2336 2675 ancillam
2372 2612 2559 2676 ducat

569 2721 839 2792 oportet,
872 2712 1022 2773 data
1058 2711 1237 2791 prius
1277 2710 1719 2774 observantiae
1759 2709 1992 2792 prioris
2030 2710 2174 2787 fide,
2206 2720 2314 2773 aut
2345 2711 2561 2791 proxi-

570 2828 713 2871 mae
754 2808 1213 2870 matrifamilias
1252 2809 1317 2870 in
1347 2808 1731 2890 mancipium
1759 2809 1957 2885 cedat,
1992 2808 2292 2888 quoniam
2323 2807 2560 2872 nemini

482 2941 543 2991 25
573 2906 852 2970 virorum
883 2907 1075 2968 rebus
1093 2906 1456 2969 domesticis
1475 2906 1610 2970 suis
1631 2926 1931 2988 praeesse
1957 2905 2120 2970 licet.
2184 2905 2354 2968 Dum
2382 2925 2565 2987 pere·

570 3024 686 3086 gre
729 3003 1153 3086 proficiscitur
1192 3004 1443 3082 semina,
1482 3006 1584 3068 vel
1628 3004 1887 3068 militiae
1916 3023 2125 3082 causa,
2157 3004 2257 3067 vel
2287 3003 2565 3083 negotia·

571 3104 784 3182 tionis,
832 3103 935 3167 vel
987 3102 1263 3184 denique
1306 3102 1669 3184 voluptatis,
1718 3102 1986 3166 ancillae
2028 3111 2137 3165 aut
2178 3100 2346 3164 filiae
2388 3120 2564 3164 man-

571 3203 806 3266 dantur
861 3201 1077 3265 claves
1123 3211 1188 3264 et
1241 3220 1384 3263 cum
1443 3200 1728 3264 clavibus
1776 3199 2154 3282 imperium;
2201 3199 2305 3263 cui
2354 3198 2410 3262 si
2454 3199 2565 3263 ille

571 3299 769 3363 semel
825 3301 1197 3381 obstrepere
1268 3318 1466 3362 ausus
1521 3297 1642 3361 erit
1697 3298 1807 3361 dat
1860 3317 2135 3379 poenam
2202 3296 2439 3374 reduci,
2495 3296 2565 3361 ni

482 3424 546 3476 30
572 3398 868 3479 precibus
901 3398 1115 3461 multis
1157 3396 1425 3478 aliisque
1454 3396 1937 3478 quibuscunque
1969 3396 2213 3473 officiis,
2243 3394 2564 3461 silentium

572 3495 847 3561 vicariae
876 3496 1175 3560 dominae
1204 3494 1575 3576 impetrarit,
1605 3493 1958 3558 conciliarit
1983 3494 2269 3576 gratiam.

541 3677 550 3685 ·
655 3596 901 3661 Contra
947 3613 1190 3659 morem
1242 3593 1616 3657 nostratium
1667 3592 1932 3673 capillos
1982 3593 2267 3668 tondent,
2315 3612 2567 3675 ungues

578 3693 771 3757 alunt.
