2859 4342
264 424 402 468 cAP.
432 403 558 486 vu]
1038 403 1171 466 ΜΟ
1183 402 1480 466 RONIA
2171 422 2248 483 75

259 570 324 622 te
371 581 611 642 pronus
657 560 1085 624 insinuaveris
1135 561 1335 623 multo
1386 560 1550 638 nisu,
1596 581 1678 623 en
1723 560 1836 622 tibi
1880 560 2074 623 aedes
2122 560 2252 622 fere

260 660 628 722 caelestium
671 659 971 737 aemulas,
1014 679 1171 721 auro
1215 658 1701 739 margaritisque
1744 679 2252 739 quaquaversum

263 758 644 834 renidenteS,
679 777 947 839 quarum
983 769 1250 821 externa
1291 757 1487 820 facies
1514 756 1673 819 nihil
1701 756 1867 824 infra
1893 744 2254 821 felicitatem

246 857 546 936 -polliceri
572 857 840 920 videtur.

347 956 763 1018 Sacerdotum
813 956 1082 1034 habituS,
1140 955 1358 1033 officia,
1415 955 1589 1032 ritus,
1630 955 1929 1036 templive
1965 956 2252 1031 formam,
2285 986 2312 1035 5

264 1075 344 1117 ne
377 1054 607 1117 nimius
634 1053 774 1130 sim,
807 1056 1094 1134 prudens
1122 1055 1362 1118 omitto,

345 1152 652 1227 Tandem,
696 1163 880 1215 vacat
922 1152 1090 1215 enim
1131 1171 1248 1232 per
1286 1152 1546 1233 aliquod
1583 1164 1836 1232 tempus
1875 1153 2089 1215 omnia
2117 1173 2261 1215 con·

263 1251 443 1327 tueri,
489 1251 731 1313 accedit
780 1251 941 1313 alter
981 1251 1311 1313 flaminum
1360 1271 1749 1331 manumque
1791 1250 2150 1332 prehendit,
2199 1257 2263 1311 et

265 1348 453 1411 simul
486 1349 709 1411 oculos
744 1348 1095 1429 faciemque
1140 1358 1335 1411 totam
1378 1349 1576 1410 linteo
1613 1349 1930 1411 velamine
1974 1346 2259 1423 revincit,

265 1468 380 1527 per
407 1447 638 1510 multas
666 1449 968 1528 ambages
1012 1460 1414 1510 occaecatum
1459 1448 1703 1509 ducens
1746 1446 2080 1527 hospitem,
2114 1463 2262 1526 quo-
2293 1473 2353 1510 10

265 1566 391 1625 quo
435 1547 626 1622 lubet,
674 1547 789 1609 sed
841 1546 932 1608 uti
975 1545 1217 1608 creduli
1270 1544 1565 1608 homines
1614 1545 1958 1625 opinantur
2006 1545 2072 1606 in
2116 1554 2264 1606 tem·

263 1644 438 1724 plum
491 1644 709 1707 Bonae
760 1645 973 1707 Deae:
1039 1644 1279 1707 scilicet
1335 1643 1620 1724 profanis
1674 1643 1877 1707 oculis
1934 1663 2063 1709 non
2119 1643 2265 1704 licet

264 1743 547 1805 numinis
575 1744 968 1807 maiestatem
999 1742 1374 1822 conspicari.

350 1839 648 1904 Provolvi
679 1842 782 1904 hic
812 1842 1048 1904 iuberis
1070 1842 1133 1903 in
1160 1842 1401 1918 faciem,
1426 1861 1805 1922 sacrumque
1833 1843 2262 1922 pavimentum

234 2003 238 2007 ,
265 1939 638 2018 deosculari,
673 1961 790 2003 nec
831 1960 1088 2003 movere
1118 1959 1376 2003 manum
1411 1939 1723 2020 pedemve
1753 1943 1959 2003 donec
2000 1950 2064 2003 te
2098 1940 2263 2003 Diva
2294 1960 2350 2010 15

266 2039 636 2103 nominatim
693 2039 1206 2120 compellaverit:
1276 2048 1408 2100 tum
1469 2038 1771 2118 quicquid
1827 2038 2109 2101 volueris
2158 2060 2261 2103 au·

266 2137 485 2200 dacter
527 2137 808 2219 profari;
852 2137 1151 2219 quicquid
1201 2137 1306 2198 illa
1353 2137 1627 2212 iusserit,
1685 2146 1978 2216 satagere
2024 2139 2264 2218 absque

264 2237 367 2299 vel
424 2257 605 2300 mora
656 2238 758 2302 vel
824 2237 1212 2314 diffidentia;
1284 2236 1644 2316 factumque
1702 2236 1798 2313 iri,
1859 2237 2263 2316 quantumvis

265 2337 556 2414 arduum,
587 2338 757 2417 quod
787 2336 1193 2418 flagitaveris.
1509 2336 1514 2341 ”

346 2434 481 2498 Sed
526 2456 688 2516 quae
729 2434 1057 2516 religionis
1099 2444 1311 2497 tantae
1353 2453 1600 2498 merces
1645 2444 1744 2496 est
1766 2435 1798 2496 Ρ
1841 2434 2089 2523 inquis:
2154 2447 2261 2499 aut
2292 2457 2354 2492 20

266 2534 412 2614 quis
439 2534 647 2598 cultus
675 2528 941 2596 huiusce
969 2533 1178 2596 exitus
1197 2534 1229 2594 ’.Ρ

352 2632 694 2695 Ridendus
736 2631 969 2695 hercle.
1081 2631 1352 2693 Illusum
1407 2641 1506 2693 est
1548 2631 1819 2710 singulis
1867 2634 2085 2713 probe,
2129 2643 2267 2695 arte

265 2731 524 2813 quidem
573 2730 923 2811 multiplici,
972 2730 1088 2793 sed
1137 2730 1345 2792 adhuc
1392 2740 1520 2792 tam
1565 2728 1948 2792 clancularia
1987 2739 2072 2806 ut,
2121 2730 2268 2793 licet

266 2832 491 2911 inopes
532 2829 930 2892 dimittantur
973 2828 1227 2910 singuli,
1260 2827 1485 2891 malint
1528 2837 1740 2890 tamen
1784 2848 1964 2891 suam
1994 2828 2265 2909 quisque

266 2928 402 2991 sive
444 2928 736 2992 inertiam
782 2927 919 2990 sive
964 2927 1470 2991 incredulitatem
1516 2944 1704 3006 quam
1750 2926 1942 2989 fidem
1988 2928 2264 2990 numinis
2293 2951 2354 3001 25

265 3028 604 3091 criminari.

353 3125 546 3189 Facto
589 3128 789 3191 semel
816 3140 967 3191 voto
1012 3128 1121 3190 illa
1165 3126 1441 3206 benigne
1485 3126 1724 3188 annuit.
1815 3125 1894 3188 Et
1937 3126 1998 3187 in
2045 3125 2266 3206 primis

267 3225 439 3288 iubet
476 3226 826 3306 supplicem
867 3237 1013 3307 post
1052 3227 1248 3289 horas
1287 3225 1529 3305 aliquot
1562 3225 1825 3288 Sacram
1861 3235 1929 3286 ut
1967 3225 2260 3305 appellat,

272 3324 708 3387 Potiunculam
754 3326 1050 3403 ebibere;
1095 3346 1223 3406 qua
1265 3326 1494 3386 sordes
1533 3324 1784 3387 animae
1812 3325 1980 3386 ultra
2011 3325 2261 3388 abluan-

265 3434 370 3486 tur
410 3425 676 3505 ipseque
719 3424 975 3505 dignior
1018 3423 1144 3501 fiat,
1190 3422 1298 3503 qui
1346 3433 1709 3502 exoptatam
1760 3422 2118 3486 felicitatem
2169 3443 2259 3485 re·
2287 3440 2354 3492 30

265 3531 493 3600 portet.
584 3523 904 3603 Deinceps
947 3522 1139 3586 etiam
1186 3523 1560 3602 procumbat
1606 3522 2008 3602 aliquamdiu,
2056 3523 2259 3584 donec

266 3620 404 3700 ipsa
443 3621 658 3683 denuo
699 3620 888 3683 fuerit
928 3620 1236 3683 allocuta:
1282 3629 1417 3681 tum
1453 3640 1674 3682 vocem
1704 3622 2000 3683 observet
2034 3620 2260 3683 sedulo

267 3739 338 3781 ac
366 3720 543 3783 iussa
571 3729 865 3800 capessat
905 3719 1157 3795 alacer,
1206 3738 1326 3780 nec
1356 3718 1599 3780 dubitet
1640 3719 1793 3799 quin
1833 3718 1962 3780 voti
1999 3739 2261 3800 compos
