2859 4342
554 410 637 473 54
925 366 1326 484 MUNDus
1382 362 1697 477 ALTER
1756 392 1872 456 ET
1933 391 2164 455 mm
2290 389 2554 497 [mam

556 548 839 624 numero,
873 550 1150 611 rotundo
1180 548 1372 612 exitu.
1467 549 1584 611 Ille
1614 569 1764 613 vere
1793 550 1978 631 sapit,
2013 568 2141 613 non
2172 549 2280 630 qui
2317 540 2554 630 parum

556 647 848 727 loquitur,
884 647 999 709 sed
1030 646 1137 728 qui
1168 648 1433 710 multum
1465 664 1594 709 non
1626 647 1994 729 incongrue.

643 744 794 808 Non
826 745 1110 825 equitant
1156 765 1454 827 unquam,
1501 765 1630 808 non
1674 746 2015 825 navigant;
2057 746 2327 810 salutem
2365 767 2553 810 suam

557 844 657 905 vel
739 843 1063 906 iumento
1089 844 1191 906 vel
1263 844 1508 948 natanti
1589 844 1961 926 nutantique
2036 845 2211 926 ligno
2269 844 2554 908 credere

502 967 530 1016 5
557 942 818 1004 stult'uni
850 942 1147 1004 i‘udicant.
2340 958 2348 965 ’

562 1043 567 1049 ’
642 1039 935 1103 Mortuos
997 1060 1126 1103 non
1185 1042 1396 1102 solent
1468 1043 1760 1123 sepelire.
1873 1041 2131 1105 Factum
2198 1042 2261 1105 id
2309 1052 2554 1122 ‘putant

556 1135 985 1215 inhumaniuS,
1034 1150 1101 1202 ut
1148 1139 1291 1219 quis
1339 1151 1667 1220 parentem
1712 1141 1814 1203 vel
1865 1161 2128 1203 uxorem
2181 1141 2547 1216 amicumve,

556 1257 635 1299 eo
696 1237 867 1317 quod
925 1237 1135 1301 anima
1182 1238 1573 1318 deprivetur,
1616 1250 1787 1301 terra
1828 1239 2139 1315 occultet;
2197 1258 2314 1301 nec
2358 1257 2552 1318 posse

557 1334 713 1411 fieri,
774 1347 842 1397 ut
896 1356 1042 1398 eum
1113 1336 1259 1398 olim
1326 1337 1733 1416 superstitem
1794 1338 1896 1399 vel
1965 1336 2187 1398 amarit
2251 1336 2393 1416 quis
2447 1337 2551 1397 vel

473 1450 534 1485 10
560 1434 906 1511 honorarit,
954 1454 1141 1515 quem
1185 1435 1378 1497 modo
1422 1445 1743 1498 mortuum
1792 1434 1880 1497 ita
1930 1434 2199 1515 supinus
2250 1434 2552 1497 abiecerit

557 1548 631 1594 ac
668 1534 906 1595 nudum
948 1531 1271 1595 vermibus
1313 1533 1764 1613 propinaverit.
1856 1532 2136 1596 Suorum
2176 1552 2333 1613 ergo
2372 1533 2550 1595 cada·

556 1650 710 1693 vera
744 1630 917 1712 ligno
963 1630 1273 1694 altissimo
1314 1632 1718 1711 suspendunt
1760 1632 1881 1693 sub
1924 1631 2048 1706 dio,
2092 1631 2323 1693 vestita
2360 1651 2551 1710 quam

559 1739 828 1808 possunt
870 1729 1362 1809 elegantissime,
1397 1741 1461 1791 et
1505 1730 1845 1809 quotannis
1883 1729 2098 1792 visunt
2136 1750 2209 1791 ac
2247 1749 2553 1792 veneran-

561 1834 664 1888 tur
683 1847 700 1902 ;
772 1846 1130 1906 quanquam
1188 1836 1252 1888 et
1308 1827 1627 1889 veteribus
1679 1827 1845 1889 hunc
1902 1826 2250 1907 sepeliendi
2309 1845 2552 1888 morem

470 1942 535 1994 '¹5
561 1936 932 2004 usurpatum
980 1925 1177 1987 fuisse
1222 1924 1378 1987 satis
1428 1926 1660 2003 docent
1710 1942 1840 1989 non
1898 1944 2119 2006 pauca,
2177 1923 2328 1987 Piae
2376 1944 2556 2005 prae-

554 2020 778 2084 sertim
814 2022 1168 2097 Moroniae,
1202 2031 1629 2084 monumenta.

698 2332 873 2395 CAP.
921 2331 1045 2393 111.
1136 2330 1482 2406 VARIANA,
1531 2349 1661 2393 vm.
1709 2330 2036 2393 MonomA
2085 2330 2373 2392 M0131L1s

642 2482 972 2549 VARIANA
1016 2485 1506 2549 orientalissima
1546 2486 1878 2550 Moroniae
1922 2508 2074 2568 pars
2112 2498 2227 2565 est,
2261 2487 2555 2568 proxima

561 2586 948 2667 Viraginiae.

612 2685 746 2748 ,De
797 2705 921 2765 qua
977 2705 1107 2747 non
1166 2671 1434 2764 quaeres
1490 2705 1529 2746 a
1586 2706 1686 2748 me
1743 2685 1900 2748 certi
1956 2685 2214 2765 aliquid,
2271 2684 2552 2763 benigne

474 2813 536 2847 20
565 2781 812 2871 Lector.
901 2783 1050 2859 Quo
1093 2782 1156 2843 in
1199 2792 1365 2845 statu
1410 2802 1517 2844 res
1561 2782 1729 2845 illius
1769 2784 2135 2864 provinciae
2177 2782 2548 2855 invenerim,

561 2881 963 2961 reliquerim.
1009 2881 1165 2943 satis
1228 2880 1488 2960 quidem
1556 2892 1619 2943 et
1686 2880 1841 2942 mihi
1905 2884 2153 2944 constat
2215 2889 2280 2942 et
2348 2899 2553 2959 aeque

560 2981 871 3043 constabit
912 2980 1064 3042 tibi:
1105 2990 1172 3065 at
1209 2980 1262 3042 si
1302 2991 1369 3042 tu
1410 2981 1533 3042 huc
1575 2978 1735 3043 forte
1774 2981 2217 3062 peregrinatus
2253 2979 2438 3042 aliter
2478 2999 2554 3042 se

562 3080 797 3142 habere
869 3078 1276 3159 compereris,
1354 3078 1790 3159 praemonitus
1867 3079 1998 3141 noli
2070 3099 2276 3141 meam
2358 3076 2555 3139 fidem

562 3176 920 3254 criminari;
980 3177 1293 3241 itaenim
1345 3177 1561 3238 omnia
1616 3177 1701 3239 ibi
1758 3198 1924 3240 nova
1979 3176 2139 3239 fiunt
2179 3176 2421 3252 indies,
2482 3185 2554 3237 ut

476 3296 538 3345 25
564 3274 806 3338 facilius
861 3275 1075 3356 possis
1129 3267 1382 3339 certam'
1422 3267 1641 3337 Protei
1710 3275 1994 3353 formam,
2052 3273 2556 3337 chamaeleontis

564 3374 860 3451 colorem,
894 3373 1234 3438 crastinam
1268 3373 1428 3465 caeli
1459 3373 1683 3436 faciem
1711 3374 2104 3456 praedicere.

648 3471 940 3535 Flumina
1003 3493 1196 3554 saepe
1266 3460 1471 3534 novos
1538 3471 1791 3535 canales
1847 3473 2205 3548 miranturf
2233 3452 2558 3552 prioribus

564 3569 961 3634 interclusis:
1005 3581 1102 3633 est
1131 3571 1338 3647 etiam,
1373 3570 1480 3632 ubi

731 3709 999 3767 Plaustra
1033 3711 1217 3767 boves
1254 3711 1492 3775 ducunt,
1531 3725 1649 3781 qua
1688 3709 1871 3766 remis
1907 3717 2037 3766 acta
2071 3708 2268 3765 carina
2304 3718 2428 3766 est.=
