2859 4342
538 404 579 464 8
908 402 1306 466 MUNDUS
1364 398 1677 465 ALTER
1719 394 1855 463 ‘ET
1918 403 2147 465 IDEM
2303 400 2520 484 [mm

537 560 619 620 ad
649 560 985 623 essentiam
1027 560 1317 641 pertinet,
1361 580 1501 622 cum
1532 578 1723 623 aereo
1761 559 1868 623 illo
1909 561 2114 637 melle,
2147 580 2290 640 qu0‚
2322 577 2522 622 verno

537 658 907 738 praesertim
937 670 1243 740 tempore,
1273 678 1547 739 quercus
1574 669 1893 722 nostrates
1923 659 2196 722 imbutas
2226 679 2417 739 saepe
2437 657 2522 718 vi-

516 755 785 834 ⁸dimus:
827 755 968 818 sola
994 755 1207 817 differt
1235 755 1695 833 crassitudine;
1746 775 1909 832 nam,
1944 755 2051 817 ubi
2080 756 2205 818 mel
2234 765 2523 817 nostrum

538 852 827 933 guttatim
884 853 1221 935 spargitur,
1282 855 1718 917 incrassantur
1761 852 1826 915 hi
1871 853 2111 933 globuli
2166 853 2519 915 intensiore

483 978 513 1027 5
539 952 786 1021 mediae
809 952 1093 1032 regionis
1121 951 1375 1033 frigore,
1409 963 1474 1015 et
1496 952 1784 1015 cadendo
1815 951 2141 1014 resultant.

1396 1152 1561 1217 CAP.
1606 1152 1668 1214 V

620 1276 1186 1369 QumouAGEslMo
1215 1293 1439 1374 quinto
1484 1295 1687 1374 gradu
1719 1293 2058 1382 incidimus
2088 1294 2152 1356 in
2189 1293 2519 1357 Planitiem

542 1391 936 1469 Lecanicam,
970 1392 1109 1472 ipsa
1142 1391 1657 1473 Pamphagoniae
1688 1392 1955 1455 viscera.

623 1489 883 1552 Festino
944 1491 1025 1552 ad
1086 1490 1368 1571 regionis
1428 1489 1623 1552 totius
1685 1489 2094 1569 Metropolin,
2154 1510 2319 1570 quae
2374 1512 2516 1565 una,

538 1590 674 1651 sive
701 1597 1056 1651 structurae
1094 1587 1379 1666 formam,
1413 1589 1549 1651 sive
1591 1608 1804 1651 mores
1834 1588 2068 1669 populi,
2104 1588 2238 1650 sive
2268 1591 2523 1667 regulas

454 1708 514 1744 10
539 1687 816 1765 vivendi,
845 1686 1019 1767 leges
1057 1686 1382 1750 desideret
1411 1687 1555 1768 quis
1583 1706 1985 1768 cognoscere,
2014 1684 2215 1750 instar
2242 1687 2522 1750 omniurn

538 1785 659 1848 erit
687 1786 944 1848 cordato
973 1785 1210 1848 lectori.

581 1985 744 2048 CAP.
787 1986 905 2048 VI.
997 1985 1429 2049 METRoPoms
1477 1984 2054 2048 PAMPHAGOMAE:
2110 1984 2482 2059 Monsssqmz

1399 2082 1645 2146 Pomm
2266 2107 2272 2112 ·

619 2224 879 2285 VmAE
927 2224 1030 2285 hic
1072 2218 1512 2304 paucissimae,
1559 2233 1635 2284 ut
1677 2200 1904 2286 merito
1944 2223 2288 2287 coniiceret
2339 2223 2523 2285 istinc

538 2322 760 2401 viator,
789 2343 990 2402 pagos
1019 2341 1240 2384 omnes
1269 2343 1308 2383 a
1337 2320 1695 2383 civitatibus
1724 2321 2039 2386 devorari.

623 2421 838 2483 Urbes
882 2440 1012 2482 non
1055 2430 1181 2481 tam
1220 2421 1455 2482 multae
1494 2439 1683 2499 quam
1718 2420 2068 2501 populosae
2108 2432 2171 2484 et
2209 2420 2519 2500 ingenteS,

453 2544 512 2594 15
539 2539 804 2601 quarum
834 2528 897 2581 et
925 2528 1127 2580 mater
1154 2528 1217 2579 et
1247 2518 1507 2579 domina
1535 2516 1718 2580 facile
1746 2519 1922 2581 audit
1951 2519 2454 2600 Artocreopolis.

623 2616 819 2680 Fama
866 2628 964 2679 est
1014 2615 1270 2678 saeculo
1314 2616 1528 2697 priore
1573 2617 1732 2679 duas
1783 2617 1978 2680 fuisse
2032 2618 2318 2680 civitates
2367 2618 2522 2680 cele·

539 2717 868 2794 berrimas,
911 2715 1252 2795 Artopolin
1305 2725 1367 2776 et
1419 2714 1768 2792 Creatium,
1816 2736 1979 2796 quae
2029 2717 2110 2778 de
2167 2715 2523 2796 principatu

540 2815 646 2878 diu
716 2814 1108 2894 multumque
1177 2813 1664 2876 contendebant.
1751 2813 2079 2894 Artopolis
2148 2824 2525 2875 vetustatem
2571 2828 2575 2833 ·

538 2934 690 2995 prae
720 2934 791 2976 se
820 2911 1077 2974 ferebat.
1162 2911 1485 2974 Creatium
1515 2911 1926 2992 splendorem
1955 2912 2222 2989 iactavit,
2256 2913 2523 2974 amoeni·

451 3038 515 3074 20
543 3023 733 3076 tatem
765 3021 827 3073 et
855 3010 1223 3092 potentiam.
1312 3009 1554 3072 Coacto
1595 3011 1851 3082 tandem
1888 3010 2160 3073 concilio
2192 3020 2525 3089 procerum

540 3110 819 3173 omnium
850 3108 1173 3189 suffragiis
1202 3107 1348 3171 vicit
1380 3108 1721 3171 Creatium.
1791 3108 2047 3171 Scilicet
2078 3109 2184 3169 illa
2212 3119 2309 3170 est
2337 3108 2527 3170 huius

539 3208 763 3271 aetatis
800 3207 1116 3288 iniquitas,
1153 3217 1222 3269 ut
1264 3227 1627 3287 quanquam
1668 3217 1854 3288 caput
1888 3207 2008 3286 ipsi
2039 3206 2162 3269 iam
2193 3207 2344 3269 olim
2371 3205 2526 3267 mihi

539 3306 892 3369 incanuerit
922 3307 1066 3369 nive
1093 3305 1457 3382 senectutis,
1491 3305 1758 3386 simplici
1802 3315 2014 3367 tamen
2041 3305 2337 3368 vetustati
2366 3302 2525 3366 nihil

538 3416 795 3468 censeat
822 3406 1243 3480 tribuendum,
1278 3424 1431 3485 prae
1474 3405 1753 3484 superba
1794 3423 1868 3466 ac
1905 3403 2193 3484 praecoci
2224 3403 2523 3466 novitate.

448 3523 512 3575 25
543 3503 663 3566 Illa
711 3505 925 3581 altera,
977 3503 1101 3566 iam
1151 3522 1416 3583 prorsus
1476 3503 1787 3582 neglecta,
1844 3501 2179 3565 consenu‘it
2234 3512 2303 3563 ut
2356 3521 2525 3564 nunc

539 3587 621 3665 ne
665 3603 897 3666 rudera
939 3601 1195 3683 quidem
1241 3613 1352 3665 aut
1397 3599 1670 3682 vestigia
1710 3620 1937 3663 cernas
1981 3614 2104 3664 tam
2153 3599 2525 3682 magnificae

539 3701 733 3764 urbis·
