2859 4342
542 433 623 492 32
914 413 1311 476 MUNDUS
1374 415 1688 478 ALTER
1751 416 1866 477 ΕΤ
1920 415 2149 479 IDEM
2322 417 2531 499 [Μαι

628 570 702 632 Id
750 560 1248 652 unum‘queror,
1298 572 1480 634 cuius
1531 572 1837 635 monitum
1881 573 2029 635 volo
2082 574 2399 650 lectorem,
2448 575 2535 636 ita

540 669 964 750 proficiscenti
996 669 1149 730 mihi
1181 669 1448 732 molesta
1476 670 1671 733 fuisse
1700 672 1945 752 pocula,
1980 681 2048 733 ut
2078 692 2301 734 cruces
2335 672 2532 734 Italae

540 777 602 830 et
649 767 981 846 Hispanae
1023 767 1230 830 solent
1275 768 1597 831 festinanti
1626 769 1849 832 viatori
1872 791 1889 847 ς
1948 790 2110 850 quae
2152 771 2231 833 ad
2276 770 2531 834 tertium

543 886 857 947 quemque
889 866 1163 946 lapidem
1186 868 1305 929 sub
1329 887 1515 930 sacro
1536 867 1773 930 fornice
1797 869 1989 948 plena
2009 868 2529 948 disponebantur,

481 983 509 1031 5
551 965 781 1046 quibus
825 964 1085 1028 illibatis
1113 966 1544 1045 peregrinanti
1575 966 1671 1028 fas
1702 986 1830 1027 non
1860 976 1958 1029 est
1986 965 2128 1027 illac
2163 967 2525 1046 praeterire.

543 1064 854 1140 Conveni,
913 1064 1186 1135 tandem,
1242 1064 1568 1139 viatorem,
1621 1064 1933 1127 vilissimo
1991 1085 2063 1127 ac
2121 1065 2529 1129 villosissimo

541 1163 767 1242 sagulo
797 1161 1300 1242 superindutum,
1334 1163 1542 1224 fronte
1572 1182 1645 1223 ac
1674 1162 1945 1242 pedibus
1974 1163 2237 1225 nudum.

626 1261 764 1341 Ego
835 1259 1045 1323 statim
1116 1280 1244 1341 quo
1316 1269 1444 1322 tam
1502 1260 1729 1339 grandi
1786 1261 1989 1341 gradu
2048 1262 2339 1325 tenderet
2394 1284 2528 1344 per·

543 1361 862 1422 contabar.

453 1479 517 1519 10
624 1456 746 1519 Cui
788 1457 911 1534 ille,
959 1456 1623 1537 ‘peregrinationem’
1669 1457 1888 1537 inquit,
1940 1457 2229 1538 ‘longam
2275 1460 2528 1540 suscepi

541 1556 622 1618 ad
654 1575 904 1617 sacrum
934 1565 1140 1618 utrem
1173 1555 1772 1636 Schlauchbergae.’

625 1654 895 1716 Miratus
971 1674 1206 1716 novum
1280 1653 1457 1716 urbis
1527 1675 1757 1717 nomen
1832 1655 2075 1736 iterque
2139 1655 2522 1732 inusitatum,

541 1754 736 1815 multa
778 1754 1077 1833 rogabam
1122 1753 1203 1814 de
1254 1752 1537 1832 regionis
1584 1752 1888 1833 urbisque
1939 1754 2078 1829 situ,
2136 1755 2218 1816 de
2279 1754 2528 1818 consilii

539 1852 801 1927 ratione,
865 1854 945 1914 de
1009 1851 1169 1914 utris
1240 1850 1517 1932 denique
1574 1851 1743 1914 illius
1798 1851 2030 1915 virtute
2051 1873 2068 1928 ς
2139 1852 2378 1933 tulique
2435 1873 2528 1914 re·

348 2021 361 2031 ⁸
451 1966 508 2018 15
539 1971 846 2032 sponsum
874 1974 971 2013 :—-
2005 2002 2010 2007 .

623 2049 1168 2130 ‘Schlauchberga
1216 2051 1371 2111 urbs
1418 2059 1516 2112 est
1566 2050 1629 2110 in
1691 2049 1927 2112 ultimis
1983 2049 2115 2113 fere
2177 2047 2528 2128 Pyraeniae

538 2146 773 2209 finibus
812 2157 873 2210 et
914 2146 1245 2227 Locaniae,
1281 2148 1360 2208 ab
1400 2158 1668 2228 utraque
1711 2148 1971 2229 regione
2010 2146 2523 2223 celebratissima,

535 2245 605 2307 in
648 2266 787 2326 qua,
836 2257 1091 2326 praeter
1132 2245 1255 2308 alia
1298 2245 1626 2326 religionis
1670 2256 2096 2321 monumenta,
2144 2245 2338 2307 aedes
2380 2252 2528 2305 sunt

544 2343 1191 2424 Bacchi—Capellam
1246 2343 1602 2406 Ardentem
1660 2355 2054 2406 vocant—ex
2117 2344 2316 2406 ardua
2371 2360 2530 2421 rupe

450 2461 514 2499 πο
540 2442 813 2506 excisae.
901 2442 954 2504 E
991 2461 1261 2522 quarum
1301 2453 1485 2518 tecte,
1519 2443 1783 2523 pyropis
1818 2442 2157 2522 aureisque
2186 2440 2528 2502 flammulis

540 2540 1044 2621 magnificentius
1102 2550 1347 2617 ornato,
1408 2551 1477 2602 ut
1533 2550 1885 2604 cataractae
1949 2541 2012 2601 in
2075 2539 2292 2601 nescio
2356 2537 2526 2619 quod

543 2639 832 2702 Indicum
884 2660 1076 2715 mare,
1131 2648 1346 2719 guttae
1395 2658 1713 2719 perennes
1770 2637 2071 2700 fumantis
2127 2636 2527 2718 tepentisque

538 2738 802 2818 liquoris
847 2738 912 2799 in
956 2749 1160 2801 utrem
1205 2737 1558 2800 subiectum
1603 2736 1906 2800 continuo
1951 2737 2127 2798 fluxu
2173 2735 2527 2808 destillant3

540 2856 728 2917 quem
757 2857 1033 2917 superne
1072 2836 1282 2899 ferunt
1316 2846 1492 2898 tanta
1519 2836 1750 2898 virtute
1782 2835 2111 2912 imbutum,
2143 2846 2211 2896 ut
2240 2833 2528 2915 quisquis

451 2947 511 2997 25
537 2936 639 3016 pie
670 2937 1025 3016 devoteque
1057 2954 1137 2996 ex
1168 2955 1246 2997 eo
1277 2935 1518 3015 largius
1540 2934 1842 3010 hauserit,
1870 2952 2195 3014 nunquam
2225 2932 2529 3011 deinceps

536 3044 643 3096 aut
712 3043 858 3096 ante
928 3033 1201 3095 mediam
1258 3044 1509 3095 noctem
1567 3033 1746 3095 sitire
1815 3044 1923 3095 aut
1980 3043 2127 3094 ante
2199 3030 2527 3093 meridiem

536 3132 836 3195 inebriari
878 3131 1100 3212 possit.
1192 3131 1267 3192 Id
1302 3152 1457 3194 vero
1502 3141 1841 3212 utrumque
1885 3130 2055 3205 mihi,
2091 3128 2331 3191 homini
2374 3129 2530 3209 pub·

535 3231 676 3309 lico,
736 3229 1001 3292 multum
1059 3229 1314 3293 facessit
1371 3230 1628 3310 negotii,
1687 3231 1796 3310 qui
1854 3248 2063 3310 neque
2119 3229 2200 3289 ad
2256 3227 2527 3290 mediam

536 3350 737 3410 usque
793 3339 1042 3392 noctem
1101 3328 1381 3391 dormire
1438 3348 1704 3408 possum
1758 3328 1909 3407 quin
1967 3346 2124 3407 prae
2176 3325 2370 3388 nimia
2423 3324 2526 3387 siti

448 3446 511 3497 30
535 3449 822 3509 surgam,
858 3447 1066 3508 neque
1118 3445 1303 3489 mane
1354 3446 1549 3507 surgo
1601 3425 1752 3505 quin
1802 3434 1949 3487 ante
2006 3423 2335 3486 meridiem
2391 3443 2524 3504 gra·

536 3527 798 3598 vissimo
854 3546 1081 3591 somno
1132 3545 1386 3608 premar
1443 3525 1675 3587 ebrius.
1765 3522 1959 3584 Hunc
2005 3542 2159 3603 ergo
2203 3522 2269 3583 in
2313 3521 2521 3596 finem,

535 3626 659 3688 nisi
703 3626 875 3704 quod
919 3625 1178 3704 paulum
1210 3644 1412 3705 aquae
1443 3621 1776 3685 libaverim
1804 3622 1996 3683 hodie
2027 3622 2107 3682 de
2136 3641 2297 3701 puro
2329 3619 2520 3694 fonte,

536 3745 653 3806 per
682 3724 955 3786 triduum
987 3724 1108 3785 hoc
1138 3721 1507 3785 siticulosus
1534 3720 1781 3795 incede,
1808 3729 1877 3781 ut
1907 3729 2081 3782 tanto
2106 3719 2250 3800 plus
2280 3735 2527 3778 merear
