2859 4342
280 431 423 477 CAP.
455 411 554 494 v1]
1019 412 1112 475 VI
1125 412 1344 476 RAGI
1356 411 1412 475 N
1425 410 1519 478 IA
2189 432 2269 491 47

362 567 529 631 Sunt
571 566 736 631 inter
764 568 923 646 illas,
957 588 1120 648 quae
1155 578 1356 631 artem
1385 565 1845 649 gymnasticam
1878 578 1942 631 et
1970 577 2272 631 exercent

280 674 345 730 ‘et
399 667 797 747 profitentur,
856 688 997 746 qua,
1058 667 1382 747 quomodo
1441 667 1683 742 denteS,
1739 687 2005 747 ungues,
2066 667 2272 729 calces

280 764 762 829 bellicosissime
806 775 1046 844 gerant,
1100 764 1498 829 ostenditur:
1561 764 1840 845 denique
1890 763 2114 827 faciem
2170 785 2275 826 ex-

278 863 540 940 coriare,
586 864 842 925 oculum
886 883 1140 941 eruere,
1186 862 1484 928 mordere
1525 862 1821 939 lacertOS,
1869 882 2089 925 aurem
2132 881 2272 943 per·

278 961 516 1037 fodere,
546 962 784 1025 vellere
813 962 1075 1024 barbam
1105 961 1525 1041 artificiosius,
1560 973 1624 1025 et
1651 961 2014 1043 praeceptis
2043 960 2275 1025 docent
2328 995 2358 1046 5

279 1071 343 1123 et
366 1060 696 1140 exempliS.

362 1157 492 1220 Vix
546 1157 845 1221 crederes
895 1178 1084 1238 quam
1140 1158 1266 1220 illic
1323 1156 1497 1220 dorni
1545 1157 1788 1221 niteant
1833 1157 2086 1221 omnia:
2145 1156 2267 1230 ubi,

280 1256 758 1331 tamen,‚omnia
801 1256 1027 1332 lavant,
1061 1266 1340 1331 verrunt,
1374 1267 1672 1336 coquunt,
1705 1266 1932 1337 parant
1969 1255 2088 1318 viri
2131 1255 2268 1329 soli,

280 1365 350 1418 ut
392 1353 537 1416 hinc
579 1354 735 1417 satis
777 1365 1099 1435 appareat,
1128 1355 1302 1417 viros
1340 1355 1546 1416 officia
1580 1354 1928 1418 domestica
1958 1374 2268 1430 recusare,

281 1472 410 1517 non
457 1453 629 1533 quod
681 1452 803 1515 ista
857 1462 1126 1515 tractare
1175 1464 1509 1533 nequeant,
1553 1453 1668 1515 sed
1720 1453 1891 1533 quod
1940 1474 2013 1516 se
2062 1453 2273 1515 minus
2303 1482 2365 1517 10

281 1551 508 1612 decere
537 1559 777 1631 putent.
868 1550 1044 1612 Nihil
1075 1549 1162 1612 ibi
1192 1551 1522 1615 sordidum
1551 1550 1684 1613 vidi
1710 1561 1965 1631 praeter
1989 1551 2273 1614 virorum
2302 1540 2310 1547 ’

281 1649 671 1725 vestimenta,
741 1668 904 1729 quae
965 1648 1252 1730 profecto
1314 1660 1573 1730 praeter
1633 1650 1894 1711 modum
1957 1649 2273 1731 squalent,

281 1756 350 1808 ut
392 1767 521 1808 non
566 1747 778 1809 minus
821 1746 944 1828 ipsi
986 1767 1057 1810 se
1100 1747 1427 1827 negligant
1469 1766 1658 1827 quarn
1702 1767 1741 1810 a
1780 1746 2034 1810 feminis
2084 1748 2278 1828 negli-

280 1855 531 1924 gantur.
639 1843 825 1907 Foris
881 1855 1092 1907 tamen
1151 1854 1216 1907 et
1278 1864 1468 1924 agros
1532 1854 1595 1907 et
1657 1854 1836 1919 tecta,
1899 1844 2274 1909 feminarum

281 1956 515 2019 curam,
544 1941 766 2005 videas
795 1942 1230 2020 incultissima,
1265 1943 1517 2005 urbium
1548 1943 1801 2006 moenia
1830 1943 1917 2004 ita
1940 1944 2270 2019 semiruta,
2308 1969 2363 2026 1‘5

283 2051 363 2118 et,
396 2041 501 2102 ubi
531 2040 737 2103 adhuc
772 2041 1022 2122 integra
1050 2040 1426 2118 consistunt,
1455 2041 1540 2103 ita
1572 2040 1863 2122 imperite
1892 2052 2272 2120 constructa,

282 2149 351 2200 ut
387 2139 667 2200 virorum
712 2139 972 2202 tutelam
1009 2139 1380 2201 desiderare
1408 2139 1759 2214 videantur,
1794 2150 1858 2202 et
1899 2139 2273 2203 feminarum

281 2256 539 2318 operam
598 2246 662 2299 et
717 2238 1138 2318 patrocinium
1197 2237 1568 2301 abominari.
1662 2236 1931 2300 Dubitas
1981 2257 2150 2300 nunc
2196 2238 2276 2299 de

281 2336 486 2398 salute
549 2354 710 2411 mea,
769 2335 1017 2411 Lector,
1084 2347 1183 2399 sat
1250 2336 1384 2399 scio
1452 2335 1762 2399 sollicitus
1829 2356 1956 2417 qua
2019 2336 2273 2399 tandem

281 2433 527 2497 ratione
577 2433 774 2495 miser
818 2434 1199 2515 peregrinus
1247 2455 1285 2497 e
1329 2445 1455 2496 tam
1498 2433 1858 2515 periculosa
1902 2433 2275 2516 perditaque
2304 2461 2369 2497 20

282 2531 544 2612 regione
584 2531 705 2595 sim
741 2532 1078 2595 incolumis
1107 2552 1433 2596 evasuruS.
1527 2532 1751 2595 Dicam
1793 2531 2071 2614 ingenue
2090 2554 2109 2611 ς
2152 2534 2275 2596 hoc

282 2628 437 2691 mihi
482 2627 939 2710 praestiterunt
977 2630 1246 2706 habituS,
1298 2640 1496 2706 aetaS,
1546 2629 1901 2694 consilium.
1991 2629 2157 2694 Nam
2214 2642 2278 2695 et

284 2727 499 2789 habitu
530 2727 903 2790 incedebam
933 2728 1115 2803 virili,
1139 2739 1204 2792 et
1231 2728 1354 2790 iam
1384 2726 1863 2790 adolescentulo
1893 2727 2049 2789 mihi
2075 2727 2279 2810 prima

283 2824 518 2907 lanugo
556 2845 781 2887 sexum
823 2826 1156 2889 commode
1192 2825 1675 2902 dissimulabat;
1720 2835 1799 2901 et,
1833 2826 2007 2906 quod
2047 2825 2277 2889 accidit

283 2918 437 2980 mihi
480 2931 974 3000 peropportune,
1028 2919 1154 2981 illic
1202 2918 1413 2996 incidi,
1460 2920 1634 2999 quod
1681 2919 1910 2982 mirum
1954 2919 2274 2983 videbitur
2301 2956 2360 3007 25

284 3017 347 3078 in
378 3026 505 3079 tarn
523 3017 833 3099 loginquo
862 3020 1035 3095 orbe,
1059 3019 1125 3079 in
1147 3018 1460 3099 plurimos
1481 3017 1637 3079 mihi
1657 3018 1738 3080 de
1768 3018 1926 3081 facie
1948 3019 2272 3099 quondam

285 3125 474 3178 notos
534 3126 1010 3193 conterraneos,
1071 3136 1342 3196 quorum
1399 3116 1601 3179 fretus
1655 3116 2017 3197 praeceptis
2079 3116 2274 3182 moni·

281 3213 508 3294 tisque,
523 3239 530 3247 ·
544 3232 662 3294 per
681 3213 1280 3299 paludinosissimas
1314 3213 1650 3279 Ploraviae
1677 3215 1878 3277 valles
1896 3224 2276 3296 montesque

285 3310 713 3389 Tuberoniae,
758 3333 890 3376 non
932 3313 1073 3377 sine
1116 3312 1332 3375 multis
1373 3312 1716 3390 laboribus,
1749 3312 2076 3388 molestiiS,
2110 3313 2276 3396 peri-

283 3408 463 3486 culis,
494 3408 557 3470 in
595 3409 930 3473 Moroniae
958 3410 1124 3474 fines
1151 3410 1356 3473 laetus
1384 3411 1626 3491 hospes
1652 3410 1935 3491 perveni.
2302 3441 2369 3493 30

365 3506 500 3569 Sed
551 3507 703 3588 quid
756 3509 838 3570 de
886 3508 1109 3590 probis
1155 3508 1401 3571 interea
1452 3507 1705 3571 seminis
1750 3508 1861 3571 fiat
1905 3517 1968 3571 et
2019 3508 2277 3590 rogabis

283 3613 349 3667 et
389 3603 654 3668 nimium
698 3605 971 3669 fortasse
1018 3604 1369 3681 miraberiS,
1418 3604 1735 3670 infelicem
1785 3626 1888 3670 me
1934 3616 2111 3670 ratus
2151 3606 2276 3669 via·

284 3713 503 3779 torem,
564 3714 673 3766 aut
729 3702 1062 3784 ingratum,
1117 3703 1224 3785 qui
1297 3702 1455 3765 istas
1509 3704 1611 3765 vel
1670 3723 1800 3767 non
1870 3704 2275 3770 convenerim
