2859 4342
300 410 443 454 cAP.
478 390 604 472 vn]
1081 389 1417 452 MORON
1430 391 1523 451 IA
2213 414 2284 472 71

385 547 522 610 Nec
579 548 916 627 quisquam
963 545 1268 607 nobilium
1312 556 1424 621 est,
1483 566 1645 626 quos
1698 545 2018 626 Scogidos
2073 547 2290 627 appel-

300 646 452 723 lant,
514 643 666 726 quin
726 643 990 724 praedia
1059 643 1248 705 etiam
1319 643 1549 705 habeat
1604 644 1989 720 suburbana,
2049 643 2294 706 colonis

301 744 678 825 quibusdam
708 741 1035 819 (Vellacos
1076 751 1306 804 vocant
1333 741 1551 822 vulgo)
1579 742 1863 819 elocata;
1906 742 2112 804 servis
2140 762 2295 804 vero

300 842 590 923 plerique
624 840 941 902 Lisonicis
971 850 1248 902 utuntur.

381 940 571 1002 Victu
602 948 665 1002 et
695 938 1026 1018 praetenui
1056 947 1119 999 et
1147 936 1458 1000 vilissimo
1500 938 1780 1000 contenti
1810 948 1960 1001 sunt
1989 938 2111 1018 ipsi
2142 939 2296 1001 Sen·
2323 968 2350 1018 5

301 1038 552 1114 naladii,
609 1037 918 1098 nobilium
974 1035 1469 1116 generosissimi.
1564 1036 1730 1098 Sunt
1786 1047 1998 1100 tamen
2057 1058 2137 1099 ex
2195 1038 2298 1099 his

303 1136 433 1217 qui,
461 1135 661 1198 semel
693 1136 756 1195 in
788 1154 974 1207 anno,
1008 1136 1128 1195 sub
1159 1133 1349 1196 finem
1382 1135 1543 1196 forte
1579 1135 1969 1211 DecembriS,
2008 1137 2298 1199 convivia

303 1234 557 1314 quidem
599 1234 841 1314 agitant
870 1232 1407 1312 splendidissima,
1441 1254 1674 1313 magno
1718 1254 1859 1295 cum
1891 1246 2197 1314 apparatu
2236 1244 2298 1294 et

303 1334 624 1413 hospitum
689 1352 956 1393 numero
1012 1341 1075 1392 et
1140 1331 1543 1408 ferculorum,
1614 1343 1682 1394 ut
1747 1333 1855 1393 uni
1929 1334 2072 1393 huic
2136 1333 2296 1393 festo

304 1432 544 1494 reditus
601 1431 736 1493 fere
790 1450 1015 1493 omnes
1077 1430 1403 1492 insumere
1467 1452 1732 1494 necesse
1799 1431 1880 1494 sit
1905 1454 1920 1507 3
1994 1431 2298 1509 deinceps
2331 1453 2389 1487 10

302 1550 454 1593 vero
504 1530 676 1610 quod
721 1539 1028 1609 superest,
1085 1528 1175 1590 ita
1222 1529 1484 1608 genium
1538 1531 1919 1594 defraudant
1969 1540 2038 1591 ut
2093 1549 2296 1609 paene

303 1647 479 1690 mera
513 1648 584 1689 se
611 1627 776 1691 fame
807 1635 1092 1688 enecent.

388 1724 643 1788 Horum
698 1724 899 1786 cuivis
940 1744 1070 1786 non
1115 1744 1280 1802 arca,
1334 1746 1465 1788 non
1513 1725 1748 1788 fundus
1804 1737 2049 1790 tantum
2106 1727 2293 1803 v'alet,

304 1833 608 1904 quantum
636 1822 887 1903 gladius
930 1833 993 1885 et
1034 1823 1206 1903 quod
1249 1824 1412 1903 gerit
1442 1825 1800 1888 amiculum.
1889 1824 2039 1887 Non
2068 1825 2299 1887 desunt
2369 1828 2380 1841 “

305 1943 387 1984 ex
417 1922 578 1999 istis,
609 1921 717 2001 qui
761 1931 1012 1982 centurn
1056 1921 1353 2001 pluresve
1387 1922 2004 2005 Mangeguadagnos
2032 1923 2100 2001 (ii
2127 1921 2297 1984 servi
2328 1939 2388 1991 15

304 2022 474 2098 sunt)
517 2020 694 2082 alunt
722 2019 1148 2099 vestiuntque.
1236 2020 1561 2101 Quicquid
1604 2022 1839 2084 habent
1882 2032 2113 2098 tamen,
2155 2040 2297 2081 cum

307 2129 594 2180 mutuum
645 2139 775 2180 non
818 2128 1104 2199 possunt,
1152 2128 1409 2181 sumunt
1454 2120 1677 2183 fenore
1697 2143 1716 2199 ς
1760 2130 2098 2200 vestesque
2144 2137 2299 2180 suas

305 2239 345 2281 a
386 2217 639 2297 parario
698 2217 1062 2278 conducunt
1112 2216 1178 2277 in
1229 2217 1417 2279 diem.
1500 2218 1653 2281 Vidi
1699 2229 1762 2281 et
1811 2219 1918 2299 qui
1976 2217 2293 2280 stabulum

303 2316 423 2378 sibi
452 2315 758 2379 struxerit
785 2334 936 2376 vere
966 2314 1227 2394 regium,
1264 2336 1300 2377 e
1346 2316 1537 2396 longe
1575 2314 1950 2397 conquisitis
1980 2316 2297 2396 lapidibus

302 2414 616 2476 columnis
657 2412 1050 2488 marmoreis,
1085 2414 1410 2493 multoque
1440 2415 1635 2477 ebore
1663 2416 2131 2492 concinnatum,
2159 2414 2295 2492 ipse
2326 2437 2388 2471 20

303 2530 458 2572 vero
493 2510 737 2575 interea
771 2509 1158 2590 tuguriolum
1195 2509 1453 2589 humile,
1487 2523 1846 2593 angustum,
1878 2511 2296 2591 caespititium
2384 2525 2391 2535 ·

303 2608 624 2671 habitarit.
1120 2683 1126 2689 ι
1798 2616 1804 2627 ’

388 2704 668 2768 Nomina
696 2705 816 2767 sibi
852 2705 1228 2785 longissima
1265 2705 1530 2787 fingunt,
1565 2710 1679 2771 sed
1712 2719 1775 2770 et
1802 2707 2021 2770 titulos
2049 2728 2331 2785 omneS„

306 2824 433 2865 non
468 2824 597 2866 uno
637 2804 862 2884 spiritu
902 2804 1199 2880 contenti,
1231 2807 1697 2885 compositione
1735 2807 2048 2887 frequenti
2087 2827 2298 2868 cumu-

303 2904 455 2965 lant.
1632 2959 1638 2966 .
2327 2929 2385 2978 25

391 3000 653 3062 Plumae
696 3000 799 3061 hic
863 3001 1235 3081 praesertim
1287 3003 1633 3082 longiores,
1681 3024 1840 3084 quas
1885 3003 2297 3083 Spruzzolias

303 3111 550 3173 vocant,
586 3119 716 3160 non
760 3098 1024 3161 minoris
1069 3099 1230 3161 fiunt
1272 3121 1461 3180 quam
1505 3101 1709 3182 pelles
1751 3086 1921 3181 apud
1953 3102 2298 3163 hodiernas

310 3197 716 3275 Moscovitas.
804 3198 1019 3278 Aliqui
1083 3208 1418 3279 praeterea
1483 3201 1893 3280 campanulas
1963 3209 2300 3278 argenteas

303 3294 619 3357 calcaneis
649 3297 1019 3375 appendunt
1040 3318 1056 3373 3
1100 3317 1279 3376 quae,
1315 3298 1394 3358 ad
1425 3298 1677 3378 singula
1704 3298 1975 3379 vestigia
2004 3298 2171 3359 clare
2201 3316 2298 3359 re-

285 3404 630 3471 sonantes
662 3394 881 3456 oculos
916 3395 997 3456 ad
1027 3415 1098 3455 se
1129 3406 1359 3456 vocant
1402 3397 1942 3476 praetereuntium
1982 3415 2298 3475 auresque
2326 3427 2386 3475 30

304 3493 686 3555 demulcent.

390 3589 585 3652 Pauci
641 3591 752 3668 illi,
819 3592 927 3672 qui
983 3594 1240 3673 generis
1298 3593 1759 3673 ignobilitatem
1829 3614 1961 3656 non
2031 3603 2301 3673 possunt

305 3689 577 3768 diffiteri,
612 3690 867 3753 excelso
895 3702 1106 3756 tamen
1146 3691 1360 3754 animo
1393 3703 1556 3769 sunt,
1591 3702 1654 3755 et
1684 3692 1992 3755 altissima
2024 3691 2295 3772 sapiunt.
