2859 4342
253 426 397 470 CAP.
429 406 555 487 vn]
1068 404 1512 468 MORONIA
2170 429 2247 490 77

253 563 499 644 pocu10,
532 583 659 642 quo
688 561 1105 641 gravissimus
1141 561 1246 622 ille
1278 581 1476 642 sopor
1503 563 1748 644 pridem
1780 563 2079 626 inductus
2109 575 2205 626 est
2231 588 2245 627 :
2316 543 2320 548 ’

255 662 424 723 unde
453 663 660 722 bonus
689 660 794 721 ille
827 679 942 721 rex
973 661 1371 736 ephemeruS,

484 807 615 890 Iam,
645 808 822 865 simul
860 807 1134 880 expletus
1170 806 1422 881 dapibus
1458 809 1715 881 vinoque
1752 811 2035 883 sepultus»,

255 977 374 1040 per
435 957 749 1041 posticum
820 955 1084 1019 effertur
1137 955 1310 1018 foras
1373 956 1717 1037 habituque
1779 960 2059 1041 proprio,
2130 962 2246 1025 sed

253 1056 711 1138 aliquantulum
743 1055 1112 1131 foedatiore,
1139 1055 1205 1116 in
1237 1054 1424 1118 trivio
1454 1057 1652 1118 miser
1679 1058 2040 1136 exponitur.
2120 1060 2248 1121 Ubi
2273 1082 2302 1131 5

254 1175 396 1217 cum
425 1156 506 1217 ad
535 1175 608 1218 se
650 1154 925 1230 redierit,
960 1173 1210 1215 rursum
1249 1163 1463 1233 stupet
1491 1154 1636 1233 quis
1675 1164 1738 1217 et
1766 1155 1873 1217 ubi
1916 1155 2000 1218 sit
2039 1157 2249 1219 fuerit-

254 1274 376 1334 que
434 1253 718 1333 pridem:
773 1272 847 1314 ac
903 1251 1240 1314 revolvens
1297 1251 1511 1313 animo
1570 1271 1877 1332 nuperam
1934 1253 2249 1336 modoque

253 1351 552 1414 amissam
609 1350 1082 1426 beatitudinem,
1133 1348 1327 1412 eiulat
1375 1342 1625 1427 mise're,
1687 1361 1888 1412 semet
1946 1351 2247 1416 incusans

253 1449 388 1513 sive
419 1448 698 1525 inertiae,
725 1450 898 1530 quod
929 1448 1132 1510 Divae
1154 1458 1283 1509 tam
1313 1449 1673 1528 praesentis
1694 1469 1931 1525 vocem,
1960 1461 2152 1530 prout
2182 1452 2245 1513 in

254 1548 570 1610 mandatis
616 1547 918 1609 habuisse
970 1544 1272 1620 meminit,
1322 1566 1455 1607 non
1498 1547 1966 1625 auscultaverit,
2011 1550 2113 1612 vel
2159 1550 2247 1611 in·
2279 1583 2337 1618 10

253 1647 511 1728 gratiae,
533 1646 724 1728 quod,
740 1657 868 1708 tam
888 1645 1147 1725 inopina
1163 1644 1470 1725 dignitate
1495 1644 1683 1707 nimis
1701 1647 1928 1726 elatus,
1944 1648 2246 1711 donantis

254 1745 753 1809 munificentiam
789 1743 1159 1824 neglexerit.
1248 1741 1436 1804 Cedit
1474 1763 1631 1825 ergo
1667 1744 2007 1808 lacrimans
2034 1749 2244 1828 queri·

254 1856 540 1925 tansque,
587 1854 651 1907 et
693 1842 758 1904 id
803 1862 1001 1904 unum
1045 1842 1109 1902 in
1153 1861 1267 1903 ore
1310 1840 1501 1903 habet
1544 1842 1902 1922 animoque,
1941 1843 2246 1909 ‘Fuimus

255 1941 506 2006 Troes,³
596 1941 910 2005 Hortatur
945 1940 1231 2020 reliquos
1264 1949 1336 2002 ut
1367 1950 1640 2021 pergant
1668 1961 1867 2021 seque
1897 1942 2243 2021 praebeant

261 2039 466 2103 Divae
495 2041 888 2121 morigeros;
931 2038 1218 2101 omnium
1253 2057 1335 2100 se.
1366 2037 1727 2099 mortalium
1763 2039 1961 2100 fuisse
2000 2040 2246 2118 pridem
2278 2069 2333 2120 15

257 2139 706 2216 felicissimum,
743 2158 862 2200 sua
901 2137 1102 2199 solius
1131 2135 1318 2215 culpa
1353 2134 1708 2197 excidisse:
1755 2136 1925 2198 unde
1965 2137 2069 2198 alii
2104 2157 2241 2197 aus·

256 2238 565 2321 picatiora
617 2237 739 2300 sibi
804 2235 1020 2300 omnia
1075 2233 1449 2316 pollicentes
1512 2233 1716 2312 magis
1776 2233 1981 2296 adhuc
2039 2234 2234 2315 prori-

257 2346 474 2401 tantur

297 2652 462 2718 exp,
507 2649 704 2715 VIII.
795 2651 918 2715 Pul
964 2650 1326 2739 MonomA„
1396 2649 1805 2713 CREDULmM
1851 2669 1932 2713 ΕΤ
1980 2651 2207 2715 ΒΟΧῙΑ

338 2823 444 2886 ΑΒ
481 2824 809 2886 occidente
855 2820 1217 2884 Moroniam
1262 2818 1540 2883 Felicem
1584 2840 1659 2882 ac
1704 2819 1969 2883 Fatuam
2010 2822 2247 2885 claudit

264 2921 392 3000 Pia,
425 2922 605 3004 regio
632 2921 888 3002 quidem
918 2929 1147 2999 suopte
1175 2918 1436 2997 ingenio
1465 2919 1620 2980 satis
1649 2919 1826 2981 ferax
1863 2940 1935 2982 ac
1965 2920 2242 3001 elegans
2274 2951 2336 2986 20

258 3020 533 3083 maxime
560 3031 774 3083 tamen
804 3018 1104 3099 squalens
1133 3016 1378 3080 incuria
1415 3016 1838 3080 dominorum.
1932 3018 2098 3081 Nam
2142 3020 2248 3081 ubi

259 3120 420 3182 duas
478 3118 543 3183 in
608 3127 826 3199 partes
895 3115 1086 3181 tribui
1151 3115 1332 3192 solet,
1397 3115 1766 3178 Credulium
1832 3126 1895 3179 et
1956 3116 2246 3194 Doxiam‚

258 3217 537 3300 priorem
589 3218 906 3297 longeque
957 3213 1329 3293 ampliorem
1374 3213 1482 3294 qui
1531 3213 1746 3275 colunt
1795 3214 1882 3276 ita
1930 3216 2044 3277 toti
2091 3216 2251 3278 ritus

259 3316 572 3398 quosdam
617 3315 875 3396 putidos
925 3333 996 3376 ac
1047 3312 1348 3375 ridiculos
1391 3313 1662 3393 sapiunt,
1710 3323 1777 3374 ut
1820 3332 2078 3379 suorum
2123 3335 2250 3376 om-

260 3415 439 3477 nium
468 3434 684 3477 curam
714 3412 987 3477 abiicere
1022 3411 1162 3473 Deo
1197 3410 1460 3492 dignum
1490 3431 1653 3491 opus
1684 3411 2062 3474 existiment.
2276 3432 2340 3481 ²5

346 3511 556 3576 Nemo
598 3512 702 3575 hic
745 3513 1042 3575 lacertam
1082 3520 1289 3573 terrae
1329 3508 1617 3590 possidet
1637 3531 1654 3587 ;
1700 3529 1925 3572 omnes
1968 3511 2136 3572 enim
2179 3531 2250 3573 se
2298 3591 2302 3594 .

262 3610 637 3675 Coenobitis
671 3609 1084 3689 Morosophis
1114 3608 1556 3690 manciparunt
1594 3627 1912 3690 agrosque
1949 3618 2252 3690 paternos

261 3710 391 3777 aris
422 3708 705 3791 focisque
721 3709 1026 3773 ‚divorum
1057 3717 1528 3777 consecrarunt.
