2859 4342
543 429 618 470 12
907 409 1306 472 MUNDUS
1364 408 1679 472 ALTER
1741 409 1857 471 ET
1919 409 2152 472 IDEM
2320 410 2526 493 [mal

621 566 694 629 Si
744 566 886 647 quis
935 554 970 651 e
1020 567 1433 629 nobilissimis
1489 567 1668 646 regni
1718 566 2087 647 pnoceribus
2136 568 2394 649 crapula
2442 567 2529 629 in·

537 663 798 742 terierit,
842 664 898 726 is
948 665 1202 727 demum
1247 668 1441 743 (totus
1490 685 1529 726 e
1576 664 2009 727 selectissimis
2057 665 2336 745 dapibus
2386 686 2528 728 con·

537 763 750 839 ssatus)
778 763 983 825 servis
1019 763 1395 844 propinatur
1424 763 1890 843 deglutiendus,
1928 783 2138 844 neque
2173 763 2270 826 fas
2303 774 2401 826 est
2436 773 2529 825 tot

536 860 798 923 delicias
825 861 1113 941 perdere.

483 986 513 1036 5
619 958 761 1020 Viri
807 959 887 1021 ad
932 959 1301 1022 miraculum
1346 979 1565 1022 crasso
1616 980 1886 1041 corpore
1930 961 2273 1041 obesoque,
2319 981 2529 1042 neque

537 1056 644 1119 ille
693 1058 926 1138 dignus
981 1068 1077 1121 est
1125 1078 1312 1138 quem
1370 1059 1627 1133 salutes,
1684 1059 1864 1120 cuius
1921 1069 2203 1120 mentum
2260 1079 2391 1121 non
2446 1060 2525 1122 ad

537 1155 813 1217 medium
837 1176 1039 1236 usque
1068 1167 1290 1237 pectus
1320 1157 1736 1238 propendeat.
1813 1156 1870 1218 N
1878 1177 1950 1219 ec
1981 1156 2164 1218 aliter
2190 1177 2262 1218 se
2291 1157 2527 1219 habent

537 1253 824 1331 feminae,
903 1275 1169 1335 quarum
1243 1257 1511 1317 formam
1586 1255 1785 1317 Italae
1860 1254 2334 1335 aliquantulum,
2413 1256 2525 1318 sed

536 1353 810 1415 maxime
839 1354 1121 1415 omnium
1156 1353 1551 1432 Barbaricae,
1586 1353 1862 1416 imitatae
1893 1364 2058 1416 sunt.

449 1471 514 1508 10
625 1444 798 1512 Nudi
838 1450 969 1514 sere
1013 1470 1235 1513 omnes
1278 1452 1621 1530 incedunt;
1665 1472 1874 1532 neque
1908 1451 2107 1514 vestis
2152 1453 2275 1515 illis
2317 1442 2524 1515 curae.

540 1547 716 1611 Solis
769 1549 1247 1629 magistratibus
1316 1551 1554 1632 quique
1611 1562 1800 1613 notae
1856 1551 2140 1613 melioris
2205 1551 2373 1632 togis
2437 1552 2525 1615 uti

537 1647 699 1724 licet,
734 1669 812 1710 ex
850 1648 1101 1711 illorum
1134 1670 1434 1730 pecorum
1463 1649 1671 1726 coriis,
1705 1670 1870 1731 quae
1909 1649 2032 1712 soli
2069 1649 2204 1712 suis
2242 1650 2527 1730 ipsorum

537 1746 822 1810 saucibus
849 1768 1075 1810 vorare
1113 1769 1241 1810 uno
1282 1749 1571 1811 accubitu
1611 1759 1974 1829 potuerunt.
2060 1748 2231 1811 Ante
2269 1760 2528 1829 pectora

537 1847 743 1922 modo,
779 1847 956 1908 iuxta
983 1846 1408 1927 virgilianum
1453 1848 1630 1925 illud,
1664 1848 1840 1910 ‘sola
1878 1847 2091 1909 serunt
2126 1848 2329 1909 tonsis
2359 1868 2526 1909 man·

454 1965 507 2015 15
538 1945 672 2007 tilia
702 1944 947 2023 villis’3
989 1945 1236 2026 quibuS,
1271 1967 1353 2008 ne
1390 1946 1541 2026 quid
1581 1957 1814 2027 pereat,
1848 1946 2131 2026 guttulas
2158 1945 2525 2009 decidentes

536 2043 854 2123 excipiant
926 2063 1165 2124 oraque
1235 2044 1682 2124 abstergean't:
1754 2043 1861 2105 illa
1924 2064 2079 2106 vero
2140 2064 2260 2105 usu
2332 2044 2525 2106 nimio

537 2141 779 2203 leviora
840 2163 922 2203 an
987 2141 1267 2222 nigriora
1328 2141 1473 2219 sint,
1535 2142 1641 2204 vix
1705 2141 1995 2203 iudicarit
2060 2141 2525 2205 oculatissimus

537 2249 872 2318 spectator.

621 2337 1020 2401 Tardissimo
1046 2349 1203 2400 -sunt
1238 2340 1500 2420 ingenio
1538 2351 1601 2401 et
1640 2340 1720 2402 ad
1758 2359 1983 2401 omnes
2022 2338 2318 2401 scientias
2356 2338 2525 2419 inep-

452 2453 514 2489 20
538 2434 766 2497 tissimi
789 2457 806 2513 ;
849 2436 958 2517 qui
988 2446 1199 2497 tamen
1230 2447 1385 2517 quot
1413 2448 1639 2498 curant
1669 2447 1839 2500 artes
1870 2436 2118 2498 callent.

622 2534 898 2597 Scholae
968 2546 1212 2597 tantum
1283 2535 1407 2596 illic
1488 2535 1860 2615 aperiuntur
1930 2535 2383 2615 popinatoriae,
2459 2534 2524 2596 in

538 2634 767 2713 quibus
817 2633 1025 2695 omnis
1082 2633 1378 2696 iuventus
1430 2625 1712 2709 edendis
1739 2633 2014 2711 bibendi,
2068 2633 2525 2714 scindendique

538 2730 803 2794 scientia
840 2732 1051 2795 statim
1090 2733 1169 2793 ab
1208 2732 1473 2793 infantia
1512 2731 1751 2793 erudiri
1792 2732 1956 2793 solet
1977 2753 1993 2808 ;
2042 2732 2270 2810 quibus
2307 2731 2526 2793 Archi·

538 2829 805 2892 silenius
850 2830 1123 2911 quidam,
1175 2830 1712 2910 exquisitissimus
1763 2829 1973 2905 helu0,
2023 2840 2171 2890 tunc
2221 2831 2525 2910 temporis

451 2948 512 2999 25
538 2929 1022 3009 praeficiebatur
1042 2950 1059 3007 3
1128 2929 1581 3011 praelegitque,
1642 2928 2092 3009 grammaticae
2148 2928 2304 3004 loco,
2366 2929 2526 3010 frag·

538 3029 711 3089 mina
739 3028 1051 3109 quaedam
1080 3027 1407 3108 Apiciana.
1500 3027 1705 3090 Instar
1734 3027 2175 3104 bibliothecae,
2204 3027 2523 3107 publicum

540 3137 638 3188 est
688 3127 1133 3189 cantharorum
1187 3125 1653 3208 repositorium,
1702 3126 1944 3209 inquo
1990 3145 2214 3186 omnes
2264 3125 2527 3206 scypho-

540 3246 681 3287 rum
738 3226 999 3289 ordines
1067 3227 1434 3306 gradusque
1497 3245 1615 3305 per
1672 3236 1879 3288 certas
1939 3225 2178 3286 classes
2234 3224 2525 3305 dispone·

540 3325 788 3387 bantur.
880 3325 1132 3400 Pocula,
1182 3324 1421 3387 fercula
1481 3323 1623 3385 libri
1681 3334 1851 3399 sunt,
1900 3323 2149 3384 minora
2192 3322 2523 3399 tironibus,

453 3447 517 3496 30
542 3423 774 3486 adultis
816 3423 1201 3485 maiuscula:
1258 3422 1403 3484 huic
1447 3422 1731 3502 cyathus,
1768 3422 1969 3484 triens
2012 3421 2122 3499 illi,
2166 3421 2347 3483 alteri
2390 3441 2527 3483 sex·

470 3548 473 3553 ·
543 3522 759 3599 tarius,
810 3521 1050 3603 gallina
1090 3521 1254 3600 huic,
1302 3521 1390 3582 illi
1433 3542 1641 3598 anser,
1689 3521 1876 3584 tertio
1920 3512 2141 3600 agnuS‚
2189 3520 2534 3601 apponitur¹

543 3631 652 3682 aut
680 3642 894 3700 perna.
972 3620 1200 3701 Neque
1225 3640 1506 3699 unquam
1531 3620 1796 3681 feriandi
1829 3619 2014 3680 datur
2041 3618 2294 3680 licentia
2323 3618 2527 3680 donec

544 3730 744 3782 totum
767 3719 1036 3799 quisque
1065 3738 1333 3800 pensum
1357 3717 1713 3780 absolverit.
1788 3718 1980 3792 Quod
2010 3717 2067 3778 si
2096 3716 2203 3796 qui
2233 3716 2526 3797 septenni
