2859 4342
545 441 640 524 ‚36
927 436 1325 499 MUNDUS
1377 436 1694 499 'ALTER
1756 434 1871 498 ET
1927 436 2157 498 IDEM
2307 436 2484 517 [Lm.
2518 450 2540 494 ι

559 604 860 674 quantum
891 593 1058 656 enim
1099 614 1223 655 non
1265 593 1366 654 hic.
1408 614 1611 673 aquae
1639 604 1747 656 aut
1774 586 2186 656 tenuissimae
2216 593 2536 670 cervisiae,

557 702 798 754 tanturn
829 691 931 754 isti
963 692 1148 753 huius
1179 690 1545 753 calidissimi
1576 692 1841 772 liquoris
1870 691 2227 753 infundunt.

643 789 779 871 Eg‘o
835 789 1026 870 igitur
1080 789 1185 870 qui
1244 790 1435 851 modo
1485 810 1650 870 aqua
1699 789 2117 870 periclitabar,
2161 809 2332 850 nunc
2387 788 2544 851 mihi

557 888 759 968 magis
813 889 893 949 ab
950 886 1244 949 incendio
1300 888 1678 950 metuebam.
1763 888 2094 950 Comitem‘
2125 908 2279 968 ergo
2329 905 2544 948 meum

483 1013 508 1061 5
562 985 813 1047 Baccho
842 1005 960 1047 suo
989 985 1469 1066 supplicantem,
1496 985 1891 1065 praecordiis
1920 985 2081 1047 meis
2103 986 2295 1065 longe
2316 983 2545 1044 melius

559 1084 982 1160 consulturuS,
1015 1084 1289 1146 deserui.

644 1180 906 1261 Iamque
962 1182 1110 1243 dum
1168 1202 1284 1262 per
1331 1192 1651 1245 extremas
1705 1182 2022 1263 Locaniae
2071 1178 2220 1243 oras
2269 1179 2542 1242 reditum

559 1279 924 1356 meditabar,
957 1280 1211 1342 visurus
1258 1279 1749 1356 Houbeloniam,
1788 1280 2037 1342 tertiam
2085 1279 2409 1340 Yvroniae
2452 1297 2544 1338 re·

560 1377 832 1457 gionem,
886 1398 1031 1440 ecce
1074 1398 1174 1438 me
1219 1377 1427 1440 subito
1472 1378 1695 1440 adorta
1740 1389 1837 1465 est
1880 1388 2121 1440 armata
2160 1377 2258 1439 vis
2299 1374 2541 1455 Viragi·

481 1506 536 1539 ιο
564 1475 872 1552 nensium,
904 1475 1115 1552 cinxit,
1155 1477 1334 1556 cepit,
1379 1475 1713 1556 rapuitque
1756 1476 2191 1537 miserrimum.
2224 1493 2535 1549 erronem,

563 1593 678 1653 per
708 1572 1082 1636 immensum
1113 1574 1244 1651 iter,
1280 1575 1358 1636 ad
1389 1585 1576 1654 caput
1607 1574 1785 1654 regni
1817 1573 2317 1654 Gynaecopolin.

649 1670 818 1734 Nolo
854 1682 1062 1734 tamen
1095 1672 1351 1752 aegrius
1378 1672 1543 1733 serre
1574 1672 1894 1748 lectorem,
1926 1672 2099 1752 quod
2129 1671 2361 1733 intacta
2389 1668 2542 1730 mihi

564 1770 684 1831 hoc
742 1789 891 1831 casu
949 1779 1267 1832 remaneat
1304 1769 1653 1831 Yvroniae
1710 1789 1860 1849 pars
1916 1769 2198 1849 reliqua:
2253 1789 2413 1843 nam,
2475 1778 2542 1829 ut

564 1867 716 1929 mihi
762 1867 1039 1930 narravit
1082 1887 1365 1948 nuperus
1406 1887 1643 1945 comes,
1675 1877 1738 1928 et
1780 1867 1937 1929 haec
1980 1866 2262 1929 omnium
2305 1866 2543 1947 ignobi-

480 1991 538 2039 15
567 1965 805 2026 lissima
862 1976 974 2042 est,
1025 1976 1087 2027 et
1141 1985 1363 2045 parum
1415 1965 1733 2044 discrepat
1789 1985 1827 2025 a
1882 1965 2129 2039 ceteriS,
2191 1964 2316 2025 nisi
2371 1964 2540 2043 quod

530 2063 993 2143 ‘Houbeloniis
1062 2063 1274 2125 minus
1328 2082 1643 2143 generosa
1699 2063 1974 2124 ebrietas
2028 2073 2148 2140 est,
2211 2061 2541 2142 magisque

563 2161 837 2223 beluina.
