2859 4342
530 437 619 501 34
906 419 1307 484 MUNDUs
1363 390 1679 484 ALTER
1740 418 1857 483 ET
1911 419 2143 482 IDEM
2315 420 2525 501 [um

534 593 652 653 per
706 574 917 654 quieta
972 575 1324 656 Pyraeniae
1373 575 1562 639 litora
1612 576 1697 641 ad
1752 586 2006 658 portum
2061 575 2527 657 optatissimum

534 672 1023 752 perveniemus?

621 769 678 832 Ν
686 771 850 832 avim
908 773 1397 836 conscendimus
1416 794 1436 852 ;
1505 772 1810 836 solvimus
1864 782 2052 854 portu
2069 790 2088 845 ς
2160 782 2224 836 et
2278 771 2404 835 iam
2459 772 2528 835 in

535 867 762 930 mediis
790 868 1088 932 fluctibus
1119 871 1453 951 agitamur.

457 983 486 1032 5
618 964 752 1028 Sed
802 966 904 1027 hic
953 968 1140 1048 friget
1188 968 1343 1031 mihi
1396 969 1742 1033 etiamnum
1793 968 2081 1032 timidum
2131 970 2254 1034 hoc
2301 981 2529 1051 pectus

533 1063 983 1142 reminiscenti,
1031 1076 1336 1146 quantum
1381 1086 1502 1129 nos
1546 1066 1685 1129 istic
1720 1067 2071 1147 periculum
2111 1068 2524 1133 evaserimus,

539 1161 704 1225 Ecce
755 1163 925 1226 enim
974 1173 1204 1227 nautas
1247 1165 1330 1227 ad
1378 1183 1574 1225 unum
1623 1184 1850 1228 omnes
1891 1165 2104 1228 ebrios
2155 1166 2526 1246 planissime

532 1261 758 1340 suique
801 1282 1027 1341 parum
1069 1272 1414 1342 compotes.
1509 1260 1638 1325 Hic
1680 1282 1849 1327 unus
1892 1262 2125 1325 dormit
2174 1262 2239 1326 in
2291 1264 2485 1344 puppi
2506 1285 2526 1343 ς

533 1359 693 1421 alter
726 1360 857 1421 sato
892 1359 1174 1422 Palinuri
1205 1380 1449 1422 remum
1494 1370 1875 1424 tractaturus
1907 1360 1972 1421 in
2004 1381 2179 1424 mare
2218 1381 2528 1442 praeceps

450 1478 510 1515 10
534 1458 805 1532 decidit3
878 1458 978 1520 cui
1044 1459 1196 1520 dum
1253 1478 1418 1521 unus
1475 1468 1539 1520 et
1593 1458 1756 1533 alter
1810 1457 2046 1521 frustra
2103 1479 2291 1539 opem
2362 1459 2528 1522 serre

532 1566 799 1633 tentant,
852 1555 1063 1619 casuri
1120 1567 1184 1619 et
1240 1556 1363 1636 ipsi
1419 1555 1713 1619 manibus
1762 1556 2002 1620 nostris
2052 1557 2286 1620 servati
2339 1567 2526 1623 sunt:

532 1655 683 1719 furit
753 1656 932 1733 alter,
990 1675 1362 1735 remumque
1419 1654 1689 1719 intentat
1744 1655 2056 1735 proximo,
2116 1656 2290 1735 quod
2352 1655 2526 1721 socio

532 1753 769 1816 amisso
833 1773 963 1817 non
1018 1753 1102 1816 sit
1167 1753 1551 1834 opitulatus:
1617 1753 1720 1814 cui
1776 1753 1901 1830 ille,
1963 1752 2293 1816 lacessitus
2357 1754 2527 1835 inge-

533 1851 773 1914 minato
828 1851 1114 1929 verbere,
1168 1851 1407 1931 pariter
1457 1852 1843 1932 respondet:
1907 1850 2191 1915 alterutri
2241 1872 2316 1914 se
2361 1850 2526 1933 parti

447 1962 509 2014 15
533 1949 886 2030 adiungunt
930 1950 1194 2031 reliqui:
1251 1951 1469 2014 volant
1512 1950 1631 2012 hac
1674 1949 1817 2011 illac
1859 1949 2140 2012 minaces
2182 1951 2357 2026 remi,
2400 1950 2523 2013 iam

530 2047 598 2110 in
651 2047 850 2111 fustes
905 2048 1215 2124 conversi,
1265 2058 1327 2111 et
1378 2068 1548 2111 nunc
1605 2067 1737 2111 non
1788 2047 2062 2129 amplius
2113 2049 2349 2110 undam
2408 2050 2521 2112 sed

531 2165 753 2209 auram
808 2148 1165 2210 verberant.
1277 2144 1576 2208 Victores
1629 2146 1761 2209 duo
1816 2145 2052 2225 (neque
2115 2144 2239 2208 iam
2308 2146 2526 2226 plures

531 2247 934 2325 supererant)
976 2244 1043 2307 in
1087 2264 1208 2306 nos
1257 2244 1524 2318 irruunt,
1572 2254 1753 2307 torve
1796 2243 2132 2318 intuenteS,
2182 2255 2525 2326 nostraque

527 2347 726 2404 causa
769 2343 927 2404 haec
969 2342 1184 2404 omnia
1226 2342 1520 2405 evenisse
1562 2341 1904 2405 clamitant.
1990 2342 2075 2404 At
2118 2362 2255 2420 nos,
2293 2343 2526 2424 quibus

443 2464 510 2501 20
533 2439 763 2519 pudori
812 2439 1026 2503 visum
1083 2444 1180 2503 est
1235 2461 1274 2504 a
1327 2439 1593 2502 totidem
1643 2439 1838 2502 ebriis
1881 2439 2186 2518 superari,
2238 2458 2523 2523 procum-

534 2538 817 2601 bentium
903 2538 1097 2601 armis
1183 2538 1491 2614 instructi,
1573 2538 1958 2618 impotentes
2041 2539 2262 2604 hostes
2342 2538 2525 2604 facile

532 2637 919 2718 subegimus,
966 2637 1286 2717 armisque
1334 2636 1648 2717 spoliatos
1701 2636 2075 2716 ligavimus:
2131 2636 2254 2717 ipsi
2296 2646 2527 2700 nautas

534 2735 817 2816 egimus:
874 2736 1025 2817 quin
1070 2746 1133 2798 et
1184 2735 1411 2815 cymba
1456 2734 1611 2815 ipsa,
1662 2734 1845 2815 quasi
1891 2753 2022 2797 non
2066 2734 2277 2799 minus
2326 2734 2527 2814 ebria,

534 2835 795 2897 nutabat
839 2834 957 2896 hac
1008 2831 1166 2911 illac,
1215 2834 1304 2896 ita
1342 2844 1429 2909 ut,
1478 2832 1602 2897 nisi
1650 2832 1880 2896 siccior
1922 2832 2111 2897 nobis
2150 2833 2323 2897 venti
2370 2853 2528 2897 aura

445 2951 505 3001 25
534 2933 614 2995 ab
656 2932 884 2996 Aeolio
935 2943 1077 2994 utre
1125 2931 1549 3012 opportunius
1604 2930 1838 2993 emissa
1878 2930 2164 2995 flavisset
2212 2942 2276 2995 et
2316 2931 2526 2994 navim

534 3033 722 3112 plane
753 3031 1010 3093 invitam
1043 3041 1215 3094 recta
1244 3029 1690 3113 promovisset,
1723 3029 1826 3092 hic
1856 3049 1978 3092 nos
2006 3029 2222 3092 miseri
2249 3030 2528 3109 remiges

531 3151 713 3211 spem
783 3150 1036 3193 omnem
1104 3150 1235 3193 una
1289 3149 1433 3192 cum
1487 3128 1905 3193 cadaveribus
1959 3127 2201 3193 nostris
2254 3129 2528 3192 obscure

534 3229 1006 3310 sepelissemus,
1082 3248 1292 3308 neque
1362 3247 1644 3307 unquam
1713 3225 2054 3306 religiosus
2122 3225 2243 3289 iste
2311 3244 2532 3290 comes

539 3327 773 3391 Bacchi
805 3326 915 3408 sui·
932 3337 1138 3391 utrem
1170 3325 1511 3389 invisisset.

447 3441 510 3490 30
619 3427 796 3490 Inter
840 3425 1285 3505 navigandum,
1332 3424 1505 3504 quod
1550 3442 1744 3485 unum
1789 3422 1982 3485 silere
2008 3438 2278 3503 nequeo,
2310 3422 2528 3484 obver-

535 3524 794 3587 sabatur
822 3523 1027 3587 oculis
1054 3522 1311 3598 nostriS,
1338 3521 1563 3604 procul
1590 3542 1630 3585 a
1657 3520 1950 3597 sinistriS,
1978 3520 2187 3582 insula
2216 3521 2529 3601 quaedam

536 3622 662 3683 alta
699 3632 760 3683 et
806 3621 1046 3697 nivosa,
1091 3620 1416 3700 aliquanto
1447 3618 1808 3696 borealior;
1859 3617 2044 3682 cuius
2077 3637 2310 3681 nomen
2346 3617 2529 3683 ratio·

538 3739 812 3799 nemque
840 3717 1083 3800 petenti
1112 3737 1494 3798 responsum
1525 3727 1621 3779 est
1646 3738 1744 3779 :—-
2509 3708 2516 3712 ’
