2859 4342
243 411 389 456 cap.
422 389 518 476 xv]
840 354 847 362 ’
1000 390 1481 454 LAVERNIA
2154 395 2234 471 87

246 551 417 632 quod
475 549 564 611 illi
620 549 828 629 palam
886 559 951 611 et
1012 550 1130 610 sub
1188 549 1312 627 dio,
1375 550 1441 611 hi
1508 552 1646 612 sine
1712 551 1978 613 testibus
2042 561 2236 630 agunt

247 649 436 713 domi.

331 746 465 809 Hic
524 745 799 808 interdiu
858 745 1227 826 quiescunt,·
1272 757 1462 808 noctu
1521 768 1674 810 vero
1739 767 1991 827 semper
2050 767 2234 827 nego-

245 849 499 911 tiantur.
587 846 807 908 Solem
853 865 1009 927 ergo
1051 846 1224 908 velut
1276 845 1649 908 mortalibus
1706 844 1966 908 noxium
2023 846 2235 909 lumen

251 947 717 1009 abominantur.
805 943 1054 1007 Lunam
1096 945 1311 1008 colunt
1354 956 1421 1007 ut
1465 945 1906 1007 caelicolarum
1950 946 2232 1008 omnium
2263 982 2289 1030 5

248 1044 788 1125 benignissimam.

327 1143 614 1206 Arbores
664 1142 755 1204 sic
806 1161 923 1204 sua
978 1151 1206 1204 natura
1253 1141 1533 1204 viscidae
1591 1152 1739 1204 sunt
1793 1153 1861 1204 ut
1910 1144 2235 1205 volucrum

249 1253 555 1325 quotquot
585 1240 847 1304 ramulis
886 1239 1165 1302 insident
1201 1240 1368 1303 illico
1399 1234 1803 1317 adhaereant,
1837 1242 2235 1321 praedaeque

248 1342 373 1404 sint
401 1340 769 1404 viatoribus,

333 1439 685 1502 Maximum
733 1438 925 1500 huius
968 1437 1333 1519 provinciae
1379 1438 1728 1518 emporium
1775 1449 1837 1529 et
1888 1439 2078 1519 longe
2123 1438 2325 1508 fre-10

252 1538 734 1621 quentissimum
769 1536 1129 1599 Bolsecium
1170 1536 1414 1612 dicitur,
1449 1536 1629 1598 cuius
1672 1548 1883 1599 tamen
1924 1537 2047 1599 vici
2089 1538 2231 1612 du0,

256 1636 562 1699 Palatium
598 1648 660 1698 et
694 1636 1041 1717 Fripperia,
1077 1655 1301 1698 omnes
1341 1655 1502 1714 quas
1540 1635 1673 1697 vidi
1712 1636 1960 1697 urbium
1998 1636 2238 1715 plateas

251 1754 519 1797 numero
549 1735 884 1797 excedunt.

336 1831 417 1895 Et
455 1853 612 1895 sane
641 1831 1105 1894 causidicorum
1141 1832 1317 1894 nulla
1344 1833 1464 1894 sub
1494 1832 1669 1894 caelo
1698 1843 1825 1895 tam
1855 1831 2033 1894 ferax
2063 1832 2244 1912 regio

254 1944 363 2008 est,
412 1933 538 2014 qui,
587 1933 641 1994 si
685 1931 843 1993 nihil
889 1942 985 1993 est
1029 1930 1247 2007 litium,
1291 1931 1435 1993 lites
1485 1942 1723 1993 serunt.
1814 1929 2065 1992 Horum
2111 1951 2239 1992 non
2271 1964 2327 2014 15

251 2031 457 2092 minor
522 2032 623 2092 hic
651 2019 658 2027 ’
691 2050 997 2093 numerus
1065 2040 1161 2092 est
1220 2050 1407 2109 quam
1477 2030 1540 2091 in
1599 2029 2242 2092 Westmonasteriolo

252 2139 472 2191 nostro
502 2129 797 2208 capitum.
884 2128 1269 2209 Quanquam
1298 2149 1455 2192 vero
1491 2129 1699 2190 indies
1744 2140 2041 2191 creantur
2073 2129 2235 2204 novi,

251 2228 390 2291 fieri
417 2239 630 2290 tamen
663 2248 793 2289 non
817 2238 1045 2309 potest,
1070 2238 1138 2288 ut
1169 2228 1258 2288 illi
1282 2238 1506 2308 putant
1533 2228 1641 2306 qui
1664 2227 1731 2288 in
1755 2229 1947 2291 rebus
1969 2228 2243 2308 politicis

253 2327 460 2409 lyncei
489 2327 608 2389 sibi
639 2327 951 2402 videntur,
988 2327 1140 2406 quin
1177 2326 1441 2389 istorum
1479 2347 1783 2389 numerus
1822 2327 1887 2388 in
1918 2337 2246 2407 posterum

253 2427 617 2504 decrescat;
663 2446 809 2487 narn
833 2424 941 2487 ubi
971 2425 1281 2505 litigando
1310 2435 1506 2487 totam
1537 2425 1701 2487 inter
1728 2447 1800 2488 se
1830 2426 2235 2505 provinciam.
2269 2455 2331 2490 20

254 2525 426 2606 quod
457 2524 581 2586 iam
612 2523 745 2586 fere
779 2524 865 2601 fit,
899 2524 1112 2605 partiti
1142 2535 1345 2600 erunt,
1383 2524 1722 2586 clientibus
1749 2525 2054 2605 deinceps
2087 2525 2241 2586 indi-

252 2614 444 2703 geant
481 2643 748 2709 necfisse
789 2633 923 2685 est:
967 2643 1095 2703 quo
1131 2622 1238 2684 fiet
1269 2633 1335 2684 ut
1374 2622 1440 2682 in
1481 2642 1553 2684 se
1592 2622 1874 2684 involent
1913 2634 2147 2700 mutu0,
2182 2634 2245 2686 et

254 2723 416 2784 alter
459 2722 643 2784 alteri
687 2722 1062 2783 commissus
1118 2720 1282 2782 male
1326 2730 1508 2800 parta
1558 2720 1824 2801 dissipet
1879 2721 1945 2782 in
1993 2721 2239 2802 vulguS‚

255 2818 608 2901 futurisque
632 2820 970 2900 nepotibus
1000 2820 1207 2882 locum
1230 2819 1628 2880 exercendae
1652 2818 1842 2880 huius
1864 2818 2017 2881 artis
2039 2819 2244 2900 magis

255 2916 576 2981 lucrosum
598 2929 801 2999 paret.
874 2917 1127 2980 Horum
1158 2916 1362 2979 servis
1390 2916 1623 2978 usitata
1650 2936 1903 2996 semper
1926 2928 2023 2979 est
2045 2918 2241 2980 vestis
2268 2948 2327 2996 ²5

254 3017 522 3094 bicolor,
547 3026 618 3077 ut
653 3016 802 3078 hinc
843 3016 1109 3078 innuant
1148 3016 1457 3078 inservire
1493 3035 1565 3077 se
1595 3014 1871 3079 dominis
1905 3018 1985 3078 ad
2021 3026 2244 3078 utram-

252 3116 353 3178 vis
383 3135 612 3177 causae
641 3125 885 3195 partem
918 3109 1391 3195 suscipiendam
1420 3114 1858 3196 paratissimis,

339 3212 703 3275 Incolarurn
722 3213 1024 3294 plerique,
1037 3214 1415 3294 Alpinorum
1440 3233 1631 3289 more,
1655 3223 1897 3274 struma
1916 3212 2205 3276 laborant
2227 3236 2242 3276 ε

251 3311 714 3392 Argyranchen
733 3321 964 3373 vocant
985 3311 1233 3374 medici.
1280 3310 1413 3387 Qui
1435 3312 1697 3373 morbus
1719 3311 1803 3372 ita
1819 3311 2099 3391 vulgaris
2123 3324 2235 3388 est,

254 3420 321 3471 ut
344 3430 534 3472 nemo
554 3411 764 3472 locum
789 3410 1080 3472 affectum
1099 3411 1201 3472 vel
1225 3421 1516 3472 sanatum
1539 3410 1691 3471 velit
1712 3410 1808 3473 vel
1835 3410 2234 3474 occultatum.
2266 3436 2329 3484 30

337 3508 474 3571 Nec
519 3509 652 3571 scio
694 3529 857 3588 quae
896 3519 1140 3571 secreta
1173 3510 1373 3570 virtus
1417 3510 1682 3570 istorum
1723 3510 1847 3570 cuti
1893 3509 2091 3571 indita
2136 3512 2237 3587 sit,

250 3618 320 3669 ut
371 3628 497 3669 non
548 3608 760 3669 minus
810 3620 1141 3688 argentum
1191 3608 1463 3670 attrahat
1508 3608 1586 3668 ad
1631 3627 1701 3668 se
1746 3627 1931 3688 quam
1976 3628 2237 3688 magnes

250 3706 504 3778 ferrum,
540 3723 654 3769 nec
688 3705 899 3767 minus
929 3717 1258 3770 attractum
1288 3706 1573 3768 retineat.
