2859 4342
330 429 472 473 CAP.
507 411 603 493 ιν]
1092 409 1566 473 CRAPULIA
1949 412 1954 417 ’
2286 432 2330 489 9

415 569 589 631 Urbs
647 589 776 631 non
823 580 952 631 tam
1012 568 1274 648 elegans
1322 587 1516 648 quam
1573 586 1817 648 magna,
1874 567 2116 630 munita
2172 568 2327 631 satis

330 667 505 729 fossa
533 667 790 747 quidem
832 667 957 728 lata
999 677 1062 728 et
1102 664 1419 746 profunda
1465 666 1770 745 perennis
1812 686 2038 747 aquae,
2068 686 2229 746 quae
2264 676 2328 728 et

329 785 552 828 omnes
581 764 714 828 fere
758 764 935 827 urbis
978 764 1226 845 plateas,
1268 764 1594 841 interluit;
1638 763 1703 825 in
1747 785 1873 844 qua
1899 764 2072 826 mille
2101 784 2327 828 cernas

329 863 680 944 aequaliter
747 862 953 924 divisa
1021 862 1290 943 piscium
1357 861 1615 937 vivaria,
1674 863 1787 924 cui
1859 863 2047 925 etiam
2118 862 2322 944 cygni,

327 973 564 1040 anateS,
599 963 817 1044 mergi,
856 962 1173 1038 ardeolae,
1207 960 1702 1041 querquedulae,
1731 972 1793 1024 et
1834 971 2141 1042 quotquot
2163 981 2328 1042 aqua
2355 991 2381 1041 5

326 1061 526 1123 nutrit
555 1063 753 1138 aliteS,
789 1070 1222 1142 supernatant.

414 1158 598 1222 Haec
669 1170 880 1222 autem
952 1158 1126 1221 fossa
1203 1158 1492 1225 Gruessa
1563 1157 1810 1221 dicitur.
1933 1158 2169 1222 {Muros
2238 1158 2327 1220 illi

326 1258 644 1320 ministrat
731 1256 1023 1337 duplices
1116 1256 1460 1336 benignior
1548 1255 1817 1331 laniena,
1907 1276 1988 1317 ex
2075 1254 2329 1319 ossibus

326 1377 647 1438 pecorum,
683 1376 846 1437 quae
876 1364 1230 1417 mactantur
1257 1354 1484 1432 indieS,
1520 1353 1608 1415 ita
1634 1336 1961 1434 dispositis
1990 1365 2058 1417 ut
2087 1354 2329 1418 maiora

325 1445 658 1517 tibicinum
690 1455 831 1517 loco
877 1463 1073 1515 totam
1118 1452 1351 1515 molem
1395 1453 1769 1528 sustineant,
1803 1453 2050 1514 minora
2092 1453 2326 1516 deinde
2356 1476 2417 1513 10

326 1563 867 1635 superstruantur,
921 1552 1181 1613 minima
1232 1571 1389 1614 vero
1440 1551 1719 1612 medium
1782 1550 1844 1611 in
1900 1551 2108 1613 locum
2157 1571 2325 1613 coar·

324 1662 591 1727 etentur,
640 1650 979 1730 omniaque
1036 1659 1366 1712 caemento
1425 1670 1508 1711 ex
1578 1669 1844 1712 ovorum
1901 1649 2325 1713 albuminibus

324 1751 613 1813 confecto
657 1749 1147 1830 compingantur
1189 1749 1352 1817 miro
1396 1747 1681 1810 artificio,

406 1850 626 1911 Aedes
669 1869 785 1911 nec
828 1848 1148 1928 pulchrae,
1186 1866 1321 1923 nec,
1360 1867 1479 1926 pro
1524 1845 1791 1908 aliarum
1833 1846 2081 1907 urbium
2126 1867 2320 1924 more,

326 1947 518 2010 altius
547 1957 965 2009 constructae.
1010 1934 1279 2008 'Gradus
1301 1965 1431 2007 non
1455 1955 1697 2022 curant,
1723 1964 1854 2006 non
1879 1946 2089 2006 ferunt
2111 1946 2282 2008 cives
2309 1968 2324 2007 ε
2354 1963 2414 2017 15

326 2045 556 2127 partim
601 2047 684 2107 ob
728 2044 1118 2107 ascendendi
1163 2042 1460 2118 taedium,
1494 2043 1742 2124 partim,
1777 2040 1883 2104 ubi
1926 2044 2319 2124 praesertim,

326 2145 500 2225 quod
530 2143 758 2220 solent,
790 2144 990 2224 probe
1034 2142 1326 2223 potarint,
1363 2143 1446 2204 ob
1488 2134 1924 2204 descendendi
1953 2141 2321 2222 periculum.

332 2241 490 2304 Illae
547 2262 773 2305 omnes
830 2241 1163 2304 latioribus
1231 2241 1577 2303 bestiarum
1640 2240 1919 2322 scapulis
1969 2240 2323 2320 tegularum

327 2341 468 2402 loco
511 2340 752 2403 affabre
793 2351 1137 2403 contectae.

415 2439 630 2519 Urbes
675 2460 894 2502 eorum
944 2440 1155 2500 nullos
1206 2449 1563 2520 agnoscunt
1607 2438 1777 2501 cives
1828 2438 1951 2500 nisi
1996 2439 2103 2519 qui
2148 2459 2319 2502 men·
2352 2459 2416 2496 20

325 2557 461 2601 sam
491 2548 784 2619 spectant
826 2539 1285 2618 quadantenus.
1372 2537 1727 2618 Agricolae,
1764 2537 1941 2613 fabri,
1977 2536 2317 2614 molitoreS,

325 2635 494 2714 lanii,
540 2636 604 2697 in
649 2636 1010 2717 municipiis
1052 2635 1355 2715 habitant,
1400 2635 1510 2715 qui
1552 2647 1763 2697 tamen
1807 2635 1913 2696 ubi
1957 2636 2039 2697 ad
2084 2631 2321 2697 certam

324 2734 566 2796 ventris
610 2735 844 2797 molem
889 2735 1302 2811 excreverint,
1356 2718 1813 2814 promoventur
1852 2734 1918 2794 in
1961 2734 2317 2813 civitatem;

323 2831 388 2894 in
455 2853 649 2913 quam
711 2852 901 2896 nemo
971 2832 1320 2895 admittitur
1373 2832 1683 2913 primitus,
1744 2843 2000 2913 praeter
2055 2852 2311 2913 coquOS,

324 2931 618 3010 pistoreS,
654 2952 979 3012 caupones
1022 2943 1085 2994 et
1126 2931 1556 3012 gravissimos
1583 2930 1759 2993 urbis
1796 2943 2163 2995 senatores:
2207 2931 2313 3011 qui
2346 2963 2411 3012 ²5

324 3029 583 3109 quidem
612 3050 759 3106 non,
789 3042 857 3094 ut
885 3030 1051 3101 alibi,
1070 3041 1337 3112 propter
1358 3031 1760 3112 prudentiam
1790 3040 1900 3093 aut
1927 3031 2178 3093 divitias
2208 3040 2315 3091 aut

323 3128 736 3207 prolixiorem
768 3129 1049 3206 barbam,
1083 3130 1198 3191 sed
1230 3139 1494 3210 propter
1532 3128 1890 3191 abdominis
1915 3116 2311 3205 mensuram,

324 3227 669 3304 quotannis
712 3227 849 3303 ritu,
898 3227 1150 3290 solenni
1203 3228 1526 3308 eliguntur
1550 3248 1568 3305 3
1634 3237 1697 3289 et
1745 3246 1874 3308 quo
1922 3226 2066 3306 quis
2112 3225 2315 3305 magis

329 3325 554 3387 crescit
610 3324 721 3389 illo
792 3326 1167 3406 provehitur
1235 3327 1460 3389 altius:
1529 3326 1617 3389 ita
1671 3325 1982 3406 quosdam
2037 3324 2166 3386 vidi
2235 3325 2314 3385 ab

321 3422 577 3485 infimae
648 3434 713 3486 et
782 3425 1272 3512 obscurissimae
1354 3425 1695 3487 urbeculae
1775 3424 2128 3500 moenibuS,
2198 3443 2317 3487 suo
2347 3449 2411 3498 30

322 3522 581 3602 quidem
635 3522 881 3602 merito,
928 3524 1240 3586 nobiliore
1283 3524 1557 3586 donatos
1612 3522 1886 3601 civitate,
1935 3524 2319 3602 tandemque

325 3619 391 3682 in
436 3621 687 3682 urbium
731 3623 1166 3700 celeberrima,
1199 3624 1519 3685 senatoria
1563 3622 1869 3702 dignitate
1911 3631 2170 3699 auctos;
2213 3621 2321 3701 qui

325 3729 554 3795 tamen,
591 3720 698 3781 ubi
729 3721 830 3783 vel
861 3723 1087 3784 morbo
1114 3722 1310 3802 (quod
1341 3741 1536 3802 saepe
1576 3721 1668 3801 fit)
1700 3721 1803 3782 vel
1832 3731 2055 3797 aetate,
2086 3730 2322 3783 statuto
