2859 4342
464 397 547 457 28
834 395 1234 458 MUNDUS
1291 394 1604 458 ALTER
1664 392 1781 457 ET
1843 396 2072 458 IDEM
2242 394 2394 479 [un.
2429 406 2454 457 1

547 553 745 629 Alter,
820 552 980 615 falso
1050 552 1345 627 carmine,
1423 552 1488 613 in
1563 553 1892 614 absentem
1962 552 2151 628 lusit;
2229 570 2453 613 omnes

467 651 765 726 numeriS,
801 662 869 712 ut
898 651 1053 712 mihi
1084 651 1433 726 videbatur,
1470 651 1659 730 plane
1687 652 2185 715 AnacreonticiS.

551 749 831 826 Interim,
893 752 1043 812 dum
1116 749 1272 811 haec
1344 749 1518 826 fiunt,
1580 761 1732 830 quot
1801 770 1915 812 ora
1972 750 2300 811 hominum
2359 758 2456 812 tot

467 847 902 927 discrepantes
959 847 1224 911 affectus
1282 849 1774 930 conspexisses:
1834 850 2016 924 hunc,
2070 870 2226 930 prae
2280 869 2455 911 mero

410 973 438 1023 5
465 966 697 1021 amore,
759 947 935 1008 socio
1001 947 1539 1025 allacrimantem;
1613 948 1806 1025 illum,
1867 949 2087 1010 oscula
2156 948 2453 1010 libantem

463 1045 754 1125 proximo
778 1066 794 1122 3
854 1045 1061 1122 alium,
1112 1046 1175 1107 in
1220 1046 1388 1108 risus
1439 1046 1814 1109 immodicos
1870 1048 2145 1109 solutum
2167 1068 2184 1124 3
2241 1047 2450 1123 alium,

464 1144 694 1205 devota
723 1154 951 1221 mente,
992 1144 1244 1208 Baccho
1273 1145 1721 1225 provolutum;
1779 1146 1994 1223 alium,
2025 1146 2124 1208 cui
2161 1146 2454 1226 poculum

469 1261 598 1303 non
675 1242 863 1303 citius
932 1243 1191 1305 allatum
1262 1254 1382 1320 est,
1446 1244 1947 1307 stomachantem
2019 1244 2455 1325 iurantemque

466 1351 736 1402 centena
765 1340 938 1400 milia
964 1341 1366 1402 diabolorum
1397 1341 1772 1421 myriadum.

381 1463 443 1499 10
545 1437 650 1498 Ab
707 1437 886 1500 initio
935 1449 1147 1500 autem
1198 1439 1488 1515 convivii,
1545 1440 1842 1520 quoniam
1890 1441 1976 1502 ita
2025 1440 2268 1502 lubrica
2310 1451 2457 1503 sunt

466 1536 756 1616 plerique
791 1537 1097 1599 memoria
1136 1548 1204 1598 ut
1246 1536 1434 1598 officii
1477 1537 1574 1598 sui
1619 1538 1800 1599 facile
1848 1538 2316 1614 obliviscantur,
2355 1540 2457 1601 ad-

467 1633 633 1694 sidet
703 1633 893 1713 paulo
966 1634 1150 1695 altior
1221 1635 1509 1696 notarius
1585 1635 1891 1714 publicus,
1966 1655 2451 1712 AurzmanER,

468 1732 573 1811 qui
606 1733 871 1793 haustus
901 1753 1191 1812 quosque
1223 1733 1286 1794 in
1319 1733 1588 1795 tabellas
1608 1735 1779 1795 velut
1809 1745 1947 1796 acta
1969 1734 2220 1815 publica
2245 1735 2454 1813 refert,

470 1829 622 1910 quid
665 1830 824 1909 quiS,
874 1830 973 1891 cui
1021 1831 1473 1911 propinaverit,
1520 1832 1746 1894 sedulo
1790 1832 2108 1910 describit,
2157 1833 2457 1912 finitaque
2499 1864 2508 1871 ·

321 2013 347 2037 ⁶
383 1950 442 1999 15
469 1948 644 2005 cena,
678 1930 867 1991 modo
899 1929 1044 2009 quis
1072 1932 1493 1993 auscultando
1523 1930 1731 2009 suerit,
1762 1931 2018 1994 recitat:

629 2128 1037 2206 Trinkenius,
1294 2129 1523 2191 Bibulo
1768 2138 1902 2191 tres
1930 2129 2211 2209 congios,

635 2226 939 2302 Drollius,
1297 2226 1555 2290 Biberio
1774 2227 2055 2290 totidem.

630 2325 998 2402 ZaufeniuS,
1298 2325 1627 2387 Saturioni
1772 2326 2156 2388 semicadum
2186 2336 2288 2389 etc

556 2524 844 2588 Perlecto
884 2525 1008 2588 iam
1051 2527 1357 2605 catalog0,
1391 2524 1859 2605 clepsydraque
1887 2525 2215 2601 exhausta,
2253 2523 2454 2586 ‘Illud

381 2650 445 2686 20
468 2644 622 2686 vero
652 2622 891 2701 unum,'
936 2624 1192 2704 inquam
1228 2644 1366 2703 eg0,
1405 2623 1630 2703 ‘paulo
1660 2623 2089 2684 sollicitiorem
2118 2642 2219 2684 me
2248 2624 2453 2699 habet,

469 2723 577 2804 qui
620 2722 724 2784 isti
768 2723 1100 2785 commode
1144 2722 1501 2784 deducendi
1545 2722 1673 2784 sint
1710 2721 2010 2783 domum.’
2099 2720 2351 2783 ‘Facile
2395 2720 2458 2781 id

467 2821 618 2892 fiet,’
675 2821 1019 2901 respondet
1085 2821 1338 2901 hospes.
1454 2820 1692 2882 ‘Vides
1750 2819 1936 2881 funes
1993 2819 2137 2881 illos
2206 2819 2314 2899 qui
2369 2829 2459 2880 tot

471 2919 698 2981 ferreis
741 2919 997 2981 annulis
1031 2919 1168 2980 istic
1210 2919 1274 2980 in
1316 2918 1455 3001 foro
1491 2919 1883 2998 alligantur?
1973 2917 2117 2980 Hos
2146 2917 2459 2979 cautiores

471 3017 760 3095 ministri,
796 3017 1026 3097 quibus
1068 3027 1214 3078 ante
1259 3017 1471 3078 finitas
1512 3019 1734 3097 epulas
1777 3017 2072 3097 poculum
2104 3017 2302 3078 libare
2333 3016 2456 3096 pia·

384 3144 408 3178 2
420 3143 446 3191 5
473 3118 615 3179 culo
660 3128 774 3193 est,
807 3117 915 3178 vix
945 3117 1134 3179 etiam
1177 3116 1428 3178 sibimet
1458 3117 1595 3178 ausi
1641 3116 1982 3193 confidere,
2017 3115 2260 3177 foribus
2303 3114 2461 3176 heri-

473 3216 638 3277 libus
669 3215 908 3292 affixos,
940 3234 1172 3277 novum
1202 3214 1522 3276 Ariadnes
1551 3213 1727 3275 filum
1760 3214 1977 3290 secuti,
2006 3224 2174 3275 recta
2203 3214 2458 3274 domum

471 3334 598 3376 una
654 3334 797 3375 cum
855 3333 971 3375 sua
1028 3314 1294 3374 mandra
1351 3311 1681 3373 remeant.’
1772 3311 1941 3374 ‘Sed
1993 3312 2140 3391 quid
2207 3311 2260 3372 si
2319 3312 2460 3391 quis

473 3412 686 3474 sunem
719 3412 961 3473 interea
989 3411 1256 3473 moverit
1292 3411 1431 3472 loco
1453 3410 1486 3471 ’.Ρ
1506 3409 1523 3434 ’
1610 3409 1887 3472 Subrisit
1917 3409 2023 3471 ille
2042 3431 2057 3483 3
2117 3413 2132 3441 ‘
2163 3409 2240 3470 Et
2272 3430 2460 3489 quen·

473 3532 659 3592 quam
712 3521 897 3592 putas
953 3512 1074 3572 hoc
1134 3508 1381 3584 noctis,'
1433 3508 1653 3587 inquit,
1705 3508 1824 3568 ‘ita
1871 3527 2060 3586 agere
2111 3507 2459 3568 excubias?

386 3631 449 3679 30
480 3609 794 3671 Novimus
851 3620 1062 3671 tamen
1134 3610 1254 3670 hoc
1326 3606 1556 3669 sactum
1616 3605 1976 3685 aliquando,
2063 3606 2227 3667 Tum
2293 3607 2346 3665 is
2399 3616 2459 3665 et

476 3709 734 3769 domum
763 3707 918 3788 petit
947 3719 1009 3770 et
1040 3726 1303 3768 uxorem
1335 3724 1466 3767 non
1497 3703 1719 3766 suam)
