2859 4342
828 830 1213 915 LIBER
1293 827 1778 911 PRIMUS

1056 1016 1551 1083 CRAPULIA

835 1174 998 1242 CAP.
1050 1177 1097 1239 Ι.
1187 1177 1516 1240 REG1oN1s
1559 1196 1743 1240 snus

389 1316 746 1380 CR-ApuuA
801 1317 977 1397 regio
1028 1317 1256 1397 ampla,
1307 1316 1666 1394 luculenta;
1724 1316 1895 1396 quod
1953 1316 2033 1377 ad
2092 1314 2298 1389 situm,

306 1434 343 1475 a
384 1416 817 1495 septentrione
864 1415 1124 1478 Oceano
1166 1414 1573 1495 Aethiopic0‚
1607 1415 1688 1476 ab
1730 1414 1977 1477 oriente
2023 1411 2305 1492 Locania

307 1522 370 1574 et
419 1513 763 1594 Viraginia,
819 1515 897 1576 ab
950 1522 1169 1575 austro
1224 1512 1526 1575 Moronia
1579 1512 1791 1589 Felici,
1842 1513 1922 1574 ab
1978 1511 2305 1573 occidente

306 1611 537 1691 palude
567 1611 944 1693 Tryphonia
962 1611 1339 1674 terminatur
1360 1634 1375 1674 ε
1417 1611 1484 1672 in
1504 1611 1727 1674 eadem
1748 1610 1891 1691 ipsa
1911 1610 2086 1672 orbis
2101 1619 2305 1690 parte,

305 1710 370 1770 in
401 1730 525 1791 qua
554 1711 1140 1774 monstrosissimus
1180 1711 1316 1772 ales
1358 1729 1508 1787 Rue,
1544 1709 1953 1790 elephantum
1984 1708 2304 1788 integrum
2360 1729 2390 1778 5

307 1809 626 1888 unguibus
666 1808 802 1872 suis
846 1808 1103 1890 rapiens
1146 1799 1649 1889 deglutiendum,
1689 1828 1729 1870 a
1771 1806 2112 1870 neotericis
2161 1826 2306 1886 geo·x

305 1908 567 1988 graphis
595 1907 854 1989 depingi
882 1908 1065 1970 solet.
1695 1905 1699 1909 ⁴

390 2006 593 2069 Gleba
632 2007 821 2069 nimis
862 2005 1053 2068 feraci
1083 2008 1389 2086 caeloque
1430 2005 1694 2068 nimium
1734 2004 2017 2086 benigno
2058 2004 2299 2080 fruitur,
2359 2001 2362 2003 ’

307 2104 488 2167 cuius
550 2125 693 2186 ego,
752 2125 882 2166 non
941 2105 1081 2167 sine
1139 2104 1328 2167 tacita
1393 2105 1665 2184 quadam
1733 2097 2012 2179 invidia,
2047 2103 2307 2184 saepius

308 2203 628 2266 miseritus
655 2223 820 2280 sum,
851 2203 1021 2283 quod
1054 2203 1299 2266 incolas
1329 2223 1458 2265 non
1489 2202 1718 2265 habeat
1747 2202 2063 2264 melioreS.
2338 2219 2398 2254 10

391 2301 821 2383 Longitudine
851 2302 1108 2382 quidem
1149 2302 1227 2364 ad
1259 2302 1528 2382 gradum
1557 2301 2096 2382 septuagesimum
2124 2321 2305 2382 quar·

309 2411 461 2478 tum,
518 2400 848 2462 latitudine
904 2420 1056 2462 vero
1115 2400 1196 2461 ad
1252 2400 1725 2481 sexagesimum
1783 2399 2146 2480 porrigitur.
2246 2400 2319 2462 A.

309 2499 536 2579 Capite
569 2498 789 2560 Bonae
821 2497 974 2578 Spei
1016 2497 1312 2560 undecim
1353 2499 1598 2578 gradus
1643 2497 1848 2573 distat,
1896 2496 2138 2577 totique
2175 2496 2308 2560 fere

306 2597 563 2660 Africae
590 2619 671 2661 ex
701 2599 975 2661 adverso
1004 2598 1183 2661 iacet.

394 2695 470 2757 In
499 2697 661 2759 duas
691 2697 882 2777 vulgo
911 2697 1276 2776 provincias
1305 2697 1619 2774 tribuitur,
1665 2696 2204 2779 Pamphagoniam
2244 2708 2308 2760 et
2342 2719 2397 2770 15

310 2795 664 2859 Yvroniam
691 2819 706 2858 :
747 2815 1018 2876 quarum
1048 2796 1248 2858 altera
1276 2801 1512 2877 magna
1543 2795 1800 2876 quidem
1829 2817 1911 2859 ex
1939 2795 2118 2877 parte
2146 2796 2304 2858 eius·

256 2916 261 2922 ·
309 2895 455 2957 dem
498 2905 560 2956 et
603 2894 1023 2974 longitudinis
1067 2905 1130 2957 et
1173 2895 1528 2958 latitudinis
1576 2905 1691 2971 est,
1735 2896 1907 2977 quod
1949 2883 2319 2958 ominosum
2393 2965 2400 2973 ⁸

312 2993 468 3055 nulli
510 2994 820 3070 videatur,
864 3012 1006 3054 curn
1056 3003 1277 3056 nostra
1325 2993 1671 3071 Britannia,
1725 2994 1926 3056 altera
1966 3014 2119 3055 vero
2165 3013 2307 3055 cum

311 3102 579 3172 utraque
647 3091 1008 3154 Germania.
1103 3091 1392 3172 Utraque
1466 3093 1672 3155 eidem
1738 3091 2028 3172 principi,
2077 3091 2302 3153 iisdem

312 3189 564 3268 legibus
607 3189 955 3267 subiicitur,
991 3209 1108 3252 nec
1151 3190 1438 3253 moribus
1475 3210 1592 3252 nec
1632 3189 1891 3270 ingenio
1930 3209 2047 3251 nec
2088 3189 2304 3252 habitu
2337 3206 2400 3243 20

311 3290 474 3351 adeo
500 3287 845 3351 dissimilis·
1467 3284 1471 3289 ’

474 3459 637 3524 CAP.
687 3461 776 3525 11.
866 3462 1386 3525 PAMPHAGONIA.
1474 3461 1719 3523 TERRA
1763 3461 2100 3535 Guronum
2148 3450 2152 3455 ”

399 3601 899 3663 PAMPHAGomA
941 3602 1248 3682 triquetra
1291 3601 1423 3664 fere
1468 3604 1581 3675 est,
1631 3600 1836 3686 figura
1879 3601 2131 3679 Deltali,
2174 3621 2303 3665 non

314 3700 620 3762 absimilis
662 3700 958 3780 Aegypto
1014 3700 1232 3776 veteri,
1297 3709 1593 3762 montosa
1648 3699 2041 3781 collibusque
2097 3700 2305 3763 obsita
