2859 4342
787 837 1170 970 LIBER
1251 888 1820 979 TERTIUS
1925 972 1930 979 .

952 1184 956 1189 ἢ
1051 1059 1530 1161 ,MoRoNJA

540 1292 701 1354 CAP.
755 1292 804 1353 1.
899 1290 1238 1353 Numanus
1288 1287 1654 1350 MoRomAE
1701 1308 1780 1349 ΕΤ
1831 1288 2033 1351 Srrus

338 1480 343 1483 ·
388 1457 712 1526 Mo‘RomA
758 1464 939 1544 regio
979 1474 1081 1525 est
1130 1463 1412 1525 omnium
1466 1483 1627 1544 quas
1676 1464 1803 1526 vidi
1855 1463 2288 1538 incultissima,

301 1562 678 1639 vastissima,
712 1561 1226 1642 populosissima.
1314 1560 1507 1638 Sane,
1541 1562 1595 1624 si
1636 1563 1779 1643 quis
1818 1562 1882 1622 in
1925 1561 2295 1625 celebrioris

301 1660 568 1723 alicuius
613 1660 878 1741 emporii
922 1660 1117 1722 bursa
1160 1660 1540 1736 obambulet,
1576 1660 1881 1721 mundum
1930 1660 2053 1721 huc
2093 1669 2293 1722 totum

302 1759 692 1834 confluxisse
721 1757 1039 1821 iudicabit.
1132 1757 1269 1821 Nec
1299 1778 1400 1819 me
1429 1757 1583 1821 latet
1623 1758 1776 1838 quid
1806 1758 1888 1819 de
1937 1757 2297 1839 Europaeo·

278 1842 442 1919 ‘rum
472 1874 743 1921 numero
773 1855 1184 1936 scriptitarint
1216 1855 1504 1918 historici
1528 1876 1545 1934 ;
1589 1855 1746 1916 illud
1779 1865 2297 1935 veroquantum-
2325 1878 2353 1927 5

301 1974 551 2035 cunque
593 1965 692 2017 est
733 1954 934 2016 libere
977 1955 1424 2017 concedamus,
1542 1952 1856 2016 Novimus
1909 1963 1972 2016 et
2018 1953 2170 2033 quid
2216 1952 2298 2014 de

303 2046 744 2130 Chinensium,
777 2073 1065 2133 quorum,
1099 2062 1169 2114 ut
1197 2047 1536 2133 perhibent
1554 2053 1662 2133 qui
1685 2051 1767 2114 de
1788 2051 2037 2131 magnis
2059 2051 2299 2112 maiora

303 2140 662 2232 loquuntur,
695 2150 936 2231 septies
978 2161 1247 2213 centena
1284 2150 1480 2212 millia
1519 2150 1767 2229 soleant
1803 2149 1867 2210 in
1913 2150 2031 2211 hac
2074 2150 2297 2212 audaci

301 2249 478 2316 orbis
505 2249 808 2311 censione
831 2248 1188 2311 numerari:
1231 2267 1407 2311 mera
1427 2249 1713 2330 profecto
1743 2248 1847 2309 hic
1873 2248 2152 2310 solitudo
2176 2259 2289 2324 est,

302 2347 358 2408 si
388 2367 531 2409 cum
561 2339 1078 2427 frequentissimo
1114 2346 1450 2409 Moroniae
1478 2348 1717 2428 populo
1746 2347 2125 2410 conferatur.
2208 2421 2216 2429 ⁶
2326 2364 2387 2400 10

385 2446 591 2510 Terra
634 2447 757 2509 sita
802 2456 902 2508 est
949 2446 1071 2509 sub
1122 2445 1264 2526 ipso
1308 2445 1461 2526 polo
1505 2445 1894 2521 Antarctico,'
1941 2446 2032 2507 uti
2075 2456 2297 2508 contra

302 2546 421 2608 sub
463 2545 743 2622 Arctico,
795 2543 1295 2626 Pygmaeorum;
1352 2554 1417 2605 et
1459 2563 1617 2606 sane
1660 2545 1782 2605 iam
1826 2544 2078 2606 subolet
2120 2544 2296 2622 mihi,

304 2664 384 2706 ex
428 2664 554 2708 una
594 2644 954 2724 eademque
995 2663 1203 2718 causa,
1237 2642 1476 2723 frigore
1515 2642 1811 2706 nimirum
1844 2643 2179 2724 utriusque
2206 2664 2298 2705 re·

302 2743 515 2822 gionis
543 2743 998 2818 intensissimO,
1025 2752 1089 2805 et
1116 2740 1581 2829 Pygmaeorum
1622 2740 1970 2803 exilitatem
1995 2752 2059 2803 et
2089 2742 2299 2804 Moro-

305 2861 531 2904 norum
596 2841 1034 2921 stupiditatem
1105 2840 1523 2921 provenisse:
1595 2860 1721 2920 qua
1778 2839 2034 2920 quidem
2098 2840 2165 2902 in
2222 2860 2295 2903 re
2332 2864 2389 2916 ¹5

288 2936 570 3019 -pulchre
613 2939 733 3001 sibi
779 2935 1126 3020 respondet
1173 2937 1418 3000 Natura
1439 2960 1457 3017 ;
1507 2939 1679 3018 quod
1728 2939 1791 2999 in
1836 2938 2034 3001 altera
2079 2939 2299 3001 mundi

306 3035 496 3117 plaga
536 3037 760 3099 vitium
804 3035 1113 3115 corporiS,
1156 3036 1349 3097 animi
1393 3056 1547 3098 vero
1592 3036 1658 3097 in
1705 3036 1919 3112 altera,
1972 3054 2054 3098 ex
2097 3036 2298 3099 -nimia

305 3133 464 3197 solis
514 3134 867 3197 remotione
923 3133 1063 3196 fieri
1108 3134 1328 3196 voluit.
1415 3133 1536 3197 Cui
1597 3144 1659 3196 et
1718 3135 1837 3196 hoc
1889 3135 2096 3198 fidem'
2132 3136 2298 3213 facit,

306 3233 479 3312 quod
509 3232 616 3312 qui
651 3233 773 3295 sub
807 3232 1036 3294 mediis
1074 3251 1149 3293 ac
1186 3233 1555 3313 temperatis
1595 3232 1752 3294 caeli
1793 3234 1973 3296 zonis
2011 3234 2298 3295 habitant

307 3340 371 3392 et
399 3330 612 3392 animo
639 3330 855 3393 valere
883 3330 1133 3393 soleant
1171 3338 1235 3392 et
1277 3349 1563 3411 corpore.
1654 3330 1806 3394 Sed·
1824 3331 2191 3412 philosophi
2232 3316 2304 3393 id'
2324 3348 2387 3383 20

305 3438 531 3490 curent
557 3428 815 3490 scilicet.
906 3456 911 3461 -
1863 3420 1864 3423 '
1985 3422 1990 3426 ⁴
2033 3415 2039 3419 ¹
2303 3435 2307 3438 ⁴

387 3525 492 3586 Ab
522 3534 739 3587 austro
770 3523 1073 3604 Crapulia
1102 3524 1481 3588 terminatur
1498 3547 1517 3604 ;
1557 3526 1890 3606 Viraginia
1916 3536 1980 3590 et
2010 3536 2300 3590 extremo

314 3622 678 3701 Frugionae
728 3625 980 3704 angu10,
1036 3624 1116 3686 ab
1165 3624 1412 3685 oriente
1431 3645 1451 3698 3
1509 3625 1588 3686 ab
1637 3625 1969 3688 occidente
2019 3624 2299 3706 denique

312 3719 644 3782 Lavernia.

1251 3837 1358 3881 Ea
