2859 4342
479 417 562 478 30
850 398 1250 462 MUNDUS
1294 398 1618 462 'ALTER
1681 399 1796 462 ET
1859 398 2091 462 IDEM
2190 456 2200 465 .
2263 399 2470 482 [unx

563 553 874 636 Quisquis
903 556 1114 620 triduo
1144 557 1207 618 in
1239 559 1395 620 urbe
1426 558 1747 633 manserit,
1788 557 2041 619 Baccho
2070 555 2401 619 sacrificet.

564 652 694 727 Qui
762 653 979 716 vinum
1049 675 1217 736 aqua
1284 656 1630 734 miscuerit,
1686 656 1767 717 ad
1841 653 2156 718 caninam·
2188 672 2473 715 mensam

481 750 832 815 damnator.

566 848 696 924 Qui
741 850 1057 913 Bacchum
1097 851 1419 929 iuraverit,
1450 872 1565 915 nec
1597 852 1949 915 servaverit
1977 851 2189 927 fidem,
2223 851 2472 914 intesta-

426 956 456 1006 5
483 947 627 1010 bilis
657 959 814 1012 esto,

565 1045 695 1121 Qui
743 1049 973 1128 poculo
1016 1052 1282 1113 alterum
1325 1050 1580 1132 petierit
1624 1050 1838 1125 iratus,
1886 1061 1950 1112 et
1990 1049 2093 1112 vel
2137 1048 2290 1129 quid
2342 1046 2474 1109 vini

484 1144 777 1209 effuderit
805 1148 906 1209 vel
937 1170 1052 1211 vas
1097 1150 1302 1229 ipsum
1341 1149 1618 1230 fregerit,
1653 1147 1946 1228 proximo
1989 1147 2095 1210 die
2134 1146 2378 1227 poculis
2413 1155 2476 1206 et

486 1263 742 1307 manum
770 1256 833 1309 et
862 1247 1041 1312 labra
1071 1248 1403 1312 abstineto.

606 1442 767 1507 CAP.
814 1443 893 1505 V.
985 1444 1376 1518 ExsEQmAE
1422 1447 2005 1510 BuaooMAmsTm.
2097 1446 2357 1509 BAccffl

1247 1542 1691 1607 SACRIFICIUM

575 1688 733 1751 ILLA
791 1690 933 1770 ipsa
988 1700 1196 1768 nocte,
1253 1711 1417 1771 quae
1477 1703 1675 1756 testes
1732 1715 1852 1756 nos
1910 1694 2127 1757 habuit
2184 1692 2472 1768 convivii,

404 1808 466 1845 10
490 1788 742 1868 quidam
772 1810 810 1851 e
839 1789 1381 1871 burgomagistris,
1407 1791 1589 1853 cuius
1620 1793 1812 1854 aedes
1843 1792 1906 1852 in
1939 1792 2163 1855 altiore
2187 1791 2478 1853 colliculo

488 1886 648 1949 sitae
703 1897 901 1965 erant,
956 1909 997 1975 e
1055 1887 1334 1950 fenestra
1390 1888 1658 1962 excidit3
1718 1910 1907 1969 quam
1964 1889 2037 1967 is,
2099 1909 2322 1970 parurn
2379 1888 2478 1951 sui

488 2005 750 2066 compos
805 2007 923 2049 nec
979 1988 1144 2048 bene
1200 1988 1486 2068 palpans,
1538 1988 1769 2050 ostium
1827 1997 2102 2068 putarat,
2158 1987 2480 2067 fractaque

489 2084 733 2147 cervice
769 2085 982 2148 statim
1018 2083 1382 2165 exspiravit.
1470 2085 1674 2148 Cuius
1705 2086 2047 2165 exsequias
2079 2105 2308 2166 magna
2337 2104 2479 2147 cum

489 2201 720 2263 pompa
787 2183 1087 2263 luctuque
1142 2182 1497 2245 celebratas
1552 2182 1700 2246 vidi.
1820 2182 2005 2246 Pullo
2077 2204 2147 2246 se
2210 2183 2480 2264 quisque

407 2300 464 2351 15
491 2280 705 2342 colore
773 2281 1071 2361 tingebat,
1131 2301 1377 2361 proque
1449 2281 1639 2343 sertis
1695 2281 2064 2362 ‘pampineis
2134 2300 2483 2362 cupressea

490 2377 809 2441 induebat.
927 2378 1221 2441 Cadaver
1284 2379 1648 2460 impositum
1711 2399 1839 2442 non
1904 2381 2291 2461 sandapilae,
2352 2400 2479 2442 non

490 2497 703 2559 pyrae,
757 2479 869 2539 sed
931 2477 1102 2539 dolio
1160 2478 1542 2558 semi-pleno
1599 2477 1915 2554 iniectum,
1980 2479 2044 2539 in
2102 2488 2294 2560 puteo
2351 2476 2481 2540 vini

491 2577 682 2655 pleno
733 2596 858 2637 non
908 2587 1035 2638 tam
1079 2576 1394 2657 sepultum
1438 2595 1627 2658 quam
1671 2578 2072 2651 submersum
2117 2586 2253 2655 est;
2315 2596 2477 2652 nam,

492 2674 600 2736 ubi
650 2674 962 2737 Romanis
1010 2675 1074 2736 in
1126 2695 1304 2737 more
1355 2686 1492 2738 erat
1539 2696 1737 2756 pyrae
1780 2675 1987 2738 altiori
2032 2675 2253 2755 glebas
2302 2674 2482 2751 turiS,

406 2800 469 2836 20
493 2783 564 2834 ut
605 2772 830 2853 loquar
873 2793 1016 2834 cum
1064 2773 1379 2850 Lucretio,
1415 2783 1479 2836 et
1521 2793 1710 2835 omne
1740 2794 1947 2854 genus
1977 2772 2481 2835 suaveolentium

492 2883 845 2934 aromatum
897 2870 1347 2951 superinicere,
1398 2872 1500 2932 hic
1552 2871 1845 2934 urnulam
1896 2872 2167 2952 quisque
2216 2870 2345 2932 vini
2395 2871 2481 2932 in-

493 2969 699 3032 fundit
740 2971 1003 3044 tumulo,
1050 2982 1429 3051 mortuoque
1472 2969 1781 3033 valedicit.
1870 2969 2096 3032 Statua
2138 2970 2231 3031 illi
2274 2979 2484 3032 erecta

494 3067 559 3130 in
618 3068 829 3130 medio
889 3066 1124 3131 Bacchi
1182 3068 1359 3144 atrio,
1421 3068 1730 3149 inscripta
1785 3068 2038 3130 illorum
2096 3067 2314 3149 lingua
2361 3067 2484 3129 hoc

494 3186 810 3231 carmme:

406 3322 468 3373 ²5
705 3301 841 3356 Non
880 3308 1123 3372 patuere
1159 3298 1354 3355 fores:
1394 3297 1580 3370 patuit
1616 3314 1768 3369 quae
1808 3305 1979 3352 nocte
2016 3296 2293 3366 fenestra,

774 3387 959 3443 Ianua
994 3385 1199 3443 mortis
1235 3394 1381 3454 erat,
1418 3385 1592 3441 ianua
1630 3383 1871 3440 honoris
1907 3384 2032 3441 erit.

579 3513 850 3576 Biduum
905 3531 1028 3591 ego
1086 3510 1225 3572 istic
1281 3528 1549 3595 securus
1597 3507 1993 3584 mansissem,
2043 3508 2323 3569 eumad
2378 3525 2480 3567 me

495 3611 753 3691 hospeS,
790 3615 806 3643 ‘
827 3609 1012 3671 Heus
1041 3607 1151 3685 tu,'
1184 3607 1400 3687 inquit,
1443 3606 1713 3668 ‘latuisti
1757 3607 1972 3686 probe,
2008 3607 2331 3677 hactenuS,
2365 3602 2481 3667 sed

494 3709 747 3772 tertium
777 3708 832 3769 si
874 3707 1082 3769 adhuc
1121 3706 1289 3795 diem
1319 3704 1531 3785 egeris
1568 3724 1831 3767 necesse
1866 3715 1963 3766 est
1995 3703 2247 3769 Baccho
2288 3699 2479 3766 sacri·

1831 3792 1844 3819 l
