2859 4342
599 392 682 449 66
975 390 1373 453 MUNDUS
1430 390 1742 452 ALTER
1804 390 1917 452 ET
1980 390 2208 452 IDEM
2320 390 2477 473 [Lm.
2511 411 2584 452 111

600 566 796 626 opera
817 547 1145 608 facultates
1168 569 1183 623 ;
1220 566 1336 608 nec
1361 547 1721 627 intelligunt
1745 567 1818 609 se
1839 549 2215 628 tempestive
2237 568 2275 609 a
2290 549 2586 627 praescio

530 658 535 664 '
600 645 857 706 numine
914 644 1272 706 admonitos
1296 633 1411 722 'ut‚
1452 643 1770 708 Vulcania
1819 644 1939 708 hac
1992 645 2214 710 fraude
2262 646 2385 708 iam
2438 665 2587 710 sero

599 753 834 824 spreta,
864 763 1111 805 marrae
1141 744 1513 805 insudarent
1540 764 1615 805 ac
1645 743 1863 822 ligoni.

627 968 819 1032 SEc‘r.
865 987 921 1046 3.
1015 968 1450 1029 anopoms
1497 965 1867 1028 MoRomAE
1913 966 1967 1029 F
1968 987 2216 1047 ATUAE,
2261 987 2556 1032 sancm

1164 1064 1558 1127 BAvEmAE:
1611 1063 2019 1128 PAzzwuLA

685 1241 965 1304 URBIUM
1010 1243 1290 1303 omnium
1316 1243 1591 1304 'domina
1627 1230 1966 1306 Pazzivilla
2009 1252 2127 1320 est,
2163 1242 2285 1305 sita
2326 1243 2590 1325 quidem

543 1369 573 1418 5
598 1341 826 1422 partim
865 1341 929 1401 in
967 1341 1228 1421 planitie
1265 1340 1581 1421 uliginosa
1615 1352 1680 1403 et
1721 1342 2010 1421 palustri,
2051 1342 2280 1422 partim
2324 1362 2477 1405 vero
2518 1342 2593 1404 in

598 1440 832 1502 montis
862 1439 1150 1501 editioris
1178 1441 1396 1501 latere.

682 1537 983 1599 Montosa
1038 1557 1187 1617 pars
1241 1538 1386 1599 valli
1445 1539 1654 1600 nivem
1711 1524 2086 1619 suppeditat,
2145 1538 2332 1600 vallis
2386 1538 2594 1600 monti

597 1656 826 1717 aquam
855 1635 921 1696 in
950 1635 1159 1715 puteis
1187 1636 1558 1715 stagnisque
1588 1636 1827 1697 diutius
1855 1646 2262 1699 reservatam.

685 1731 911 1796 Portas
980 1731 1171 1795 habet
1227 1733 1524 1806 sedecim,
1587 1753 1746 1813 quas
1806 1754 1884 1795 eo
1942 1734 2211 1796 consilio
2276 1733 2595 1796 struxisse

520 1853 582 1889 10
599 1830 776 1892 aiunt
819 1826 1190 1896 fundatores
1231 1842 1300 1894 ut
1341 1831 1707 1912 quadruplo
1751 1831 2047 1894 ditiorem
2091 1831 2233 1895 aliis
2276 1830 2595 1895 haberent

599 1929 932 1994 civitatem.

684 2028 916 2090 Forma
956 2049 1085 2091 non
1124 2030 1397 2090 rotunda
1435 2028 1550 2090 sed
1592 2029 1673 2090 ad
1705 2028 1976 2109 effigiem
2005 2029 2267 2091 humani
2300 2029 2598 2110 corporis

599 2128 965 2207 composita.
1748 2197 1753 2202 ,

684 2224 759 2286 In
790 2224 931 2304 ipso
959 2225 1195 2287 montis
1223 2227 1456 2288 vertice
1486 2226 1691 2288 forum
1722 2226 2105 2304 collocatur3
2150 2223 2386 2306 quippe
2415 2223 2599 2305 quod

516 2354 572 2405 15
599 2332 788 2402 caput
828 2323 1002 2385 urbis
1045 2334 1159 2400 est,
1192 2344 1579 2405 sensumque
1620 2334 1683 2385 et
1720 2325 1912 2386 vitam
1953 2324 2215 2402 reliquis
2254 2323 2598 2386 ministrat.

601 2422 786 2497 Quae
824 2442 928 2484 res
967 2432 1273 2502 quantum
1313 2423 1551 2485 laboris
1594 2422 1865 2485 facessat
1907 2422 2160 2500 baiulis,
2191 2423 2343 2484 dum
2387 2423 2603 2502 supel-

599 2520 871 2582 lectilem
915 2540 1372 2601 quamcunque,
1416 2521 1791 2601 praesertim
1835 2520 2008 2583 dolia
2050 2519 2401 2581 maiuscula
2440 2520 2604 2583 vino

597 2620 700 2681 vel
757 2618 1027 2682 cervisia
1082 2620 1288 2700 plena,
1343 2629 1567 2681 contra
1623 2619 1865 2681 declive
1924 2619 2105 2681 collis
2163 2619 2428 2680 dorsum
2486 2619 2604 2682 im·

600 2716 862 2797 pellunt,
888 2719 1190 2792 coniecta,
1221 2717 1470 2794 Lector,
1499 2728 1562 2779 et
1592 2718 1747 2779 ride.
1829 2716 2166 2780 Videreris
2195 2716 2309 2778 tibi
2337 2725 2607 2777 centum

515 2846 578 2881 20
601 2816 819 2878 videre
868 2816 1203 2897 Sisyphos,
1249 2836 1416 2878 vano
1468 2816 1610 2878 nisu
1665 2835 1889 2878 saxum
1933 2815 2424 2896 provolventes:
2485 2816 2609 2895 qui

603 2914 892 2976 fortassis
922 2915 1031 2976 ubi
1063 2915 1142 2976 ad
1173 2914 1544 2976 umbilicum
1567 2935 1771 2995 usque
1802 2913 2052 2990 montis,
2082 2932 2315 2993 magno
2339 2921 2606 2989 conatu,

602 3013 816 3075 anheli
839 3014 1272 3094 sudantesque
1294 3013 1712 3090 ascenderint,
1737 3014 2000 3075 alterius
2022 3012 2176 3074 dolii
2195 3010 2612 3074 decurrentis

604 3111 1141 3190 impetuosissimo
1172 3132 1485 3173 concursu
1516 3131 1644 3173 non
1674 3111 1814 3174 sine
1844 3111 2127 3192 periculo
2160 3108 2587 3190 repelluntur.

690 3211 819 3272 Hic
870 3210 1152 3273 habitant
1194 3210 1553 3290 gravissimi
1597 3221 1660 3271 et
1702 3209 2173 3273 honoratissimi
2224 3217 2611 3284 senatores;

516 3329 578 3378 25
605 3309 711 3390 qui
755 3309 917 3384 hinc,
957 3309 1131 3371 velut
1174 3330 1211 3369 e
1253 3308 1528 3388 specula,
1573 3318 1766 3370 totam
1811 3309 2033 3373 urbem
2079 3305 2613 3369 commodissime

603 3419 871 3490 possunt
900 3409 1150 3469 intueri.
1629 3408 1633 3415 '

686 3507 921 3569 Cervix
960 3507 1106 3567 huic
1151 3506 1446 3568 adiuncta
1484 3515 1582 3567 est
1610 3504 1857 3566 viculus
1899 3504 2110 3566 brevis
2154 3514 2217 3566 et
2260 3510 2612 3580 angustus,

603 3606 892 3667 lictorum
922 3606 1112 3667 sedes
1143 3614 1205 3666 et
1235 3604 1650 3665 bedellorum.

690 3704 813 3764 Pro
861 3714 1084 3763 trunco
1124 3702 1311 3761 huius
1351 3700 1548 3761 urbici
1593 3701 1883 3779 corporis
1926 3702 2137 3780 platea
2176 3701 2361 3763 latior
2400 3703 2612 3782 paulo
