2859 4342
245 414 385 459 CAP.
422 390 498 479 11]
999 393 1370 458 LAVERN
1386 394 1480 459 IA
2050 481 2054 484 .
2153 397 2237 479 85

247 551 516 612 victores
566 535 911 628 reduxerit,
959 551 1130 630 quod
1175 561 1388 613 tamen
1431 549 1540 613 alii
1584 551 1922 632 baptizatis
1965 552 2239 614 incanta·

247 650 452 730 tisque
521 650 774 712 vexillis
850 650 1201 712 Moronicis
1272 661 1599 731 acceptum
1673 650 1911 714 referre
1976 652 2236 715 malunt.

248 747 507 827 Insigne
551 749 729 810 urbis
765 748 979 811 vultur
1023 759 1137 825 est,
1177 749 1342 810 inter
1374 748 1718 811 volandum
1761 768 2051 828 pascenS,
2097 768 2237 811 cum

245 847 439 908 verbo
475 851 490 880 ⁴
514 846 722 908 Fruor
748 867 867 909 nec
898 847 1202 927 quiesco?

330 945 405 1006 In
464 955 556 1009 tot
602 946 1180 1026 paludinosissimis
1226 947 1454 1009 insulis
1503 957 1567 1010 et
1618 958 1744 1009 tarn
1796 947 1927 1010 lato
1976 947 2292 1015 flumines

246 1030 351 1104 vix
412 1043 863 1106 domunculam
929 1064 1174 1122 cerneS,
1233 1056 1340 1107 aut
1410 1046 1716 1126 cymbam,
1779 1045 2006 1125 partim
2067 1044 2239 1124 quod

196 1201 201 1207 ,
245 1140 311 1201 in
359 1141 587 1203 mediis
642 1142 1039 1204 arundinetis
1090 1145 1344 1223 (nempe
1393 1153 1689 1205 crescunt
1739 1142 1842 1205 hic
1893 1141 2240 1204 arundines

248 1238 489 1301 Indicis
546 1239 670 1303 illis
714 1230 888 1321 'quas
943 1260 1138 1321 saepe
1193 1241 1469 1304 vidimus
1526 1241 1798 1316 altioreS,
1854 1261 1973 1303 nec
2028 1240 2240 1304 minus

245 1338 568 1415 robustae)
596 1339 816 1400 nidum
847 1340 1118 1420 quisque
1148 1339 1267 1402 sibi
1298 1361 1370 1402 ac
1402 1340 1537 1402 suis
1566 1339 1804 1402 mavult
1835 1338 2235 1417 concinnare,

245 1436 474 1515 partim
527 1438 699 1517 quod
744 1438 829 1499 ob
872 1437 1340 1518 proximitatem
1388 1439 1509 1501 loci
1538 1458 1699 1519 gens
1743 1437 1865 1500 ista
1911 1457 2053 1499 cum
2100 1436 2237 1499 Mo·
2272 1463 2330 1498 ιο

246 1534 423 1596 ronis
479 1534 859 1616 plerumque
914 1529 1233 1614 miscetur,
1296 1557 1568 1617 quorum
1630 1556 1789 1598 sane
1852 1555 2043 1598 nemo
2110 1555 2238 1597 non

247 1644 465 1694 natare
507 1634 746 1696 mavult
787 1654 977 1715 quam
1024 1634 1362 1716 navigare:
1418 1635 1593 1697 unde
1628 1634 1698 1696 f1t
1737 1644 1805 1696 ut
1840 1633 2240 1696 brachiorum

247 1731 511 1812 remigia
552 1741 680 1795 tam
724 1733 992 1796 daedale
1032 1743 1304 1795 tractare
1343 1734 1579 1811 norint,
1610 1732 1936 1795 dimidiam
1979 1741 2047 1793 ut
2075 1731 2240 1794 vitae

246 1838 509 1908 partem,
549 1831 720 1910 quod
765 1832 848 1893 de
890 1832 1211 1894 crocodilo
1255 1830 1379 1893 dici
1424 1831 1605 1907 solet,
1653 1830 1717 1891 in
1761 1829 1942 1910 aquis
1985 1830 2238 1910 degant,

249 1937 588 2009 motusque
636 1930 971 1993 velocitate
1017 1950 1159 1992 curn
1206 1930 1557 2005 celerrimis
1601 1928 1857 2009 quidem
1903 1928 2095 1991 remis
2136 1948 2242 1989 au·
2270 1957 2331 2007 15

246 2025 442 2088 deant
470 2029 880 2093 contendere.
918 2076 923 2081 -

332 2122 427 2184 Hi
474 2126 688 2188 nautis
732 2126 1267 2191 formidabiliores
1315 2136 1468 2189 sunt
1510 2144 1699 2207 quam
1751 2123 1986 2187 nautici
2035 2121 2244 2204 quivis

245 2221 509 2303 piratae.
597 2224 956 2305 Improviso
1021 2226 1190 2287 enim
1257 2225 1467 2288 navim
1532 2232 1977 2304 assequuntur,
2039 2241 2241 2283 remo-

248 2342 446 2401 raque
506 2322 754 2387 firmius
823 2324 1248 2387 adhaerentes
1317 2323 1611 2399 retinent,
1672 2332 1736 2385 et
1791 2322 1894 2383 vel
1958 2330 2240 2382 retentae

248 2422 508 2482 dorsum
552 2422 880 2503 perforant
916 2434 986 2486 ut
1014 2444 1177 2503 aqua
1205 2423 1666 2502 submergatur,
1700 2420 1802 2481 vel
1831 2419 2069 2499 impetu
2097 2418 2238 2479 sub·
2267 2439 2331 2474 20

240 2508 517 2598 vertunt,
549 2521 653 2583 vel
681 2521 961 2601 denique
989 2520 1272 2602 scopulis
1300 2519 1588 2582 allidunt.

453 2693 616 2758 CAP.
667 2694 782 2758 IV.
872 2694 1047 2772 Qms
1093 2713 1245 2756 Mun
1288 2712 1551 2755 Annus
1646 2692 2019 2754 HARPY1AE

331 2832 473 2899 SED
516 2833 658 2914 quis
700 2834 856 2896 mihi
900 2835 1024 2896 huc
1067 2834 1277 2897 aditus
1320 2831 1597 2914 patuerit
1641 2841 1748 2894 aut
1787 2852 1950 2912 quae
1985 2831 2241 2894 tandem

249 2932 686 2995 commorandi
738 2933 994 2996 licentia
1047 2932 1240 2996 fuerit
1289 2950 1598 2993 concessa
1649 2929 1977 2992 mirabitur
2025 2929 2237 3006 lector,

249 3052 369 3094 nec
432 3031 648 3093 credet
713 3041 820 3094 aut
879 3051 1243 3113 quenquam
1302 3050 1499 3094 sanae
1554 3029 1786 3092 mentis
1849 3028 2242 3092 committere

248 3140 453 3192 semet
500 3150 728 3192 ausum
775 3141 903 3192 tam
954 3129 1213 3212 immani
1264 3128 1504 3209 populo
1551 3138 1660 3191 aut
1716 3127 2096 3191 incolumem
2137 3128 2240 3190 de·
2270 3148 2331 3200 25

247 3249 421 3291 mum
451 3227 740 3292 rediisse.
2167 3219 2172 3222 ’

336 3324 661 3408 Intelligat
699 3347 854 3409 ergo
899 3327 1099 3391 lector
1126 3346 1526 3391 communem
1568 3326 1709 3389 istis
1744 3345 1897 3397 *cum
1933 3325 2066 3387 Piis
2110 3325 2246 3388 Mo·
2335 3336 2338 3341 “

248 3425 429 3488 ronis
471 3424 829 3503 iubilaeum,
879 3427 960 3489 de
1002 3445 1181 3489 more
1231 3427 1501 3503 solenni,
1547 3445 1717 3488 anno
1769 3445 2021 3506 quoque
2072 3424 2247 3504 quin*-

248 3524 624 3605 quagesimo
668 3524 994 3601 celebrari,
1037 3525 1104 3586 in
1147 3545 1273 3606 quo
1317 3544 1459 3586 curn
1501 3524 1796 3586 omnibus
1837 3523 2010 3585 orbis
2053 3522 2246 3585 totius

249 3623 614 3685 nationibus
643 3643 716 3685 ac
745 3623 999 3703 populis
1028 3623 1311 3685 indutiae
1338 3631 1563 3703 'pactae
1590 3632 1778 3700 sunt;
1822 3642 1949 3702 quo
1977 3622 2245 3685 durante
2274 3645 2337 3693 30

251 3718 479 3801 religio
523 3731 621 3783 est
663 3720 1060 3783 furacissimo
1104 3721 1381 3801 ganeoni
1420 3738 1639 3801 pacem
1670 3720 1771 3783 vel
1800 3718 2114 3800 publicam
2143 3713 2244 3782 vel
