2859 4342
595 386 676 447 62
868 452 872 457 ,
968 383 1370 447 MUNDUS
1426 383 1742 447 ALTER
1800 382 1918 446 ET
1979 383 2209 445 IDEM
2325 382 2478 465 [Lm.
2510 403 2595 446 111

596 542 937 624 pugionem
968 563 1050 605 ex
1079 542 1296 617 alter0,
1331 560 1547 604 arcum
1575 542 2068 622 pharetramque
2100 562 2139 603 a
2168 552 2349 622 tergo
2375 552 2597 622 gestat

598 661 848 722 quaqua
892 639 1354 722 proficiscitur:
1411 639 1704 720 quisquis
1759 639 2009 702 obviam
2055 639 2229 701 venit
2279 640 2470 716 eunti,
2519 642 2597 702 ni

596 739 816 820 procul
862 739 1046 801 cedat
1088 737 1206 814 via,
1253 738 1335 800 ad
1378 757 1660 818 pugnam
1701 756 1774 801 se
1815 747 1995 817 paret
2038 737 2140 800 vel
2190 737 2270 801 ad
2317 748 2594 801 mortem

598 857 863 900 necesse
906 847 1020 899 est.
1115 836 1359 899 Rarum
1402 836 1525 905 iter
1565 846 1663 899 est
1709 830 1848 898 sine
1890 836 2166 920 vulnere·
2202 847 2310 899 aut
2350 838 2593 916 caede;

542 964 570 1014 5
597 946 661 998 et
705 955 893 1016 quem
942 932 1140 998 semel
1192 933 1578 996 interfecerit
1621 933 1783 1015 quis
1829 932 2241 996 voracissime
2285 934 2592 1014 dilaniat;

596 1045 939 1096 vescuntur
978 1031 1149 1096 enim
1191 1033 1388 1095 cruda
1428 1023 1622 1094 carne
1666 1051 1938 1113 semper,
1984 1033 2242 1113 saepius
2285 1031 2590 1111 humana,

597 1153 785 1213 quam
817 1133 985 1195 inter
1010 1132 1210 1211 dapes
1239 1131 1515 1192 maxime
1542 1126 2225 1211 opiparasnumerant.

681 1231 893 1311 Leges
949 1230 1034 1292 ibi
1083 1229 1334 1291 nullae:
1397 1229 1463 1290 vi
1513 1239 1576 1292 et
1626 1229 1819 1299 armis
1869 1229 2082 1290 omnia
2133 1230 2589 1295 decernuntur.

603 1328 902 1392 Iniuriam
965 1348 1199 1408 passus
1259 1340 1366 1389 aut
1430 1327 1754 1388 ulciscitur
1801 1338 1908 1388 aut
1972 1329 2340 1391 succumbit.
2432 1328 2595 1392 Uni-

511 1450 574 1485 ιο
597 1449 738 1490 cum
795 1428 917 1551 hoc
972 1428 1155 1506 valet,
1217 1426 1481 1507 petitum
1538 1445 1620 1487 ex
1676 1425 1936 1541 antiquo
1996 1425 2155 1502 iure,
2215 1431 2445 1488 ‘vmcE
2503 1447 2595 1493 ΕΤ

599 1517 905 1589 FRUERE.'

684 1625 915 1689 Duello
951 1611 1095 1689 licet
1128 1627 1229 1689 vel
1263 1625 1603 1688 vindictam
1637 1635 1874 1705 petere,
1910 1624 2010 1687 vel
2048 1643 2233 1686 suum
2274 1631 2588 1706 repetere,
2633 1702 2644 1711 ‚

596 1725 699 1787 vel
730 1745 952 1806 rapere
981 1726 1276 1788 alienum.

681 1823 888 1889 Sedes
917 1824 1162 1887 ducalis
1181 1823 1607 1887 Tarocchium
1637 1833 1753 1902 est,
1786 1824 1940 1887 urbs
1970 1824 2199 1904 ingens
2229 1824 2345 1888 sed
2375 1823 2598 1903 lignea

514 1942 570 1990 ¹5
597 1934 764 2003 tota;
806 1934 995 2004 quam
1016 1942 1144 1985 nec
1173 1942 1255 1985 ex
1285 1923 1410 1986 alia
1444 1922 1706 1985 materia
1741 1921 1901 1985 strui
1927 1922 2107 1984 ,sinet
2144 1932 2474 2002 tyrannus,
2507 1942 2595 1984 ne

598 2041 727 2083 non
757 2021 912 2083 satis
942 2021 1273 2082 commode
1303 2019 1523 2100 possit,
1551 2019 1660 2082 ubi
1688 2020 1859 2083 cives
1888 2019 2289 2099 deliquerint,
2318 2039 2439 2100 pro
2468 2038 2595 2083 suo

564 2110 858 2183 'arbitrio
922 2118 1195 2195 incendi.
1308 2117 1539 2187 Nemo
1585 2117 1686 2179 hic
1750 2117 1989 2183 habitat
2057 2127 2311 2198 praeter
2372 2118 2596 2180 fabros

600 2217 914 2294 ferrariOS,
968 2208 1319 2293 carnificeS,
1373 2216 1618 2278 lanios:
1656 2210 1749 2276 'in
1799 2235 2069 2296 quorum
2117 2214 2396 2279 ,officinis
2451 2235 2596 2296 pro·

600 2318 882 2396 pendent
909 2335 1150 2396 pernae
1177 2315 1512 2390 humanae,
1536 2334 1667 2376 non
1696 2334 1885 2376 secus
1916 2333 1988 2376 ac
2019 2312 2189 2394 apud
2218 2333 2340 2376 nos
2360 2312 2597 2375 ,suillae

514 2438 577 2473 20
601 2425 708 2479 aut
757 2414 1079 2476 vitulinae.
1187 2412 1376 2475 Hanc
1426 2411 1647 2474 lambit
1695 2410 1953 2475 Zornus
2007 2410 2271 2475 Fluvius
2329 2411 2596 2490 rapidis·

600 2514 817 2591 simus,
872 2532 1061 2593 quem
1120 2511 1297 2574 aiunt
1355 2511 1564 2573 hieme
1622 2511 1845 2587 media,
1898 2530 2018 2592 pro
2073 2529 2251 2572 more
2304 2508 2591 2587 fontium,
2685 2550 2696 2559 -

601 2611 986 2676 incalescere
1014 2621 1079 2674 et
1107 2610 1342 2672 halitus
1373 2611 1566 2672 edere
1594 2609 2033 2673 maleolenteS.

630 2765 635 2773 ,
688 2710 873 2773 quta
934 2709 1188 2791 tyranni
1245 2708 1392 2770 aula
1448 2718 1566 2784 est,
1626 2708 1826 2769 ardua
1881 2709 2137 2788 quidem
2197 2719 2260 2770 et
2316 2706 2599 2785 excelsa,

602 2809 801 2870 monti
842 2808 1126 2889 praealto
1168 2806 1711 2886 superaedificata,
1751 2826 1941 2886 quem
1985 2807 2105 2886 ipsi
2146 2805 2594 2869 Calavernium

516 2929 576 2980 25
604 2916 831 2967 vocant
846 2928 868 2985 3
926 2905 1264 2984 feruntque
1319 2924 1401 2966 ex
1461 2903 1693 2967 craniis
1743 2904 2037 2966 humanis
2084 2916 2456 2984 congestum
2514 2906 2600 2967 ad

590 3000 726 3080 ,hoc
771 3004 1027 3065 tandem
1085 3002 1404 3082 fastigium
1464 3002 1760 3064 crevisse.
1854 3001 2172 3064 Latericio
2222 3012 2437 3064 tamen
2486 3002 2600 3064 illa
2679 3048 2686 3055 -

605 3110 667 3162 et
706 3101 834 3163 alto
862 3094 1045 3163 muro
1075 3100 1461 3162 circumdata
1479 3120 1497 3178 ς
1541 3100 1695 3168 vivit
1731 3100 1900 3161 enim
1935 3100 2041 3161 ille
2078 3119 2335 3179 semper
2364 3093 2599 3162 dubius

606 3217 866 3261 suorum
910 3199 1080 3275 fidei,
1129 3197 1492 3278 mavultque
1545 3197 1795 3260 ferratis
1845 3197 2047 3277 portis
2093 3216 2281 3277 quam
2334 3216 2597 3260 suorum

482 3372 489 3377 .
606 3297 808 3358 amori
837 3306 899 3359 et
927 3295 1369 3375 observantiae
1399 3295 1744 3358 confidere.

519 3414 584 3463 30
692 3394 1008 3475 Stipatum
1047 3393 1219 3455 hunc
1254 3392 1467 3455 ferunt
1505 3393 1726 3455 decem
1763 3392 2045 3455 millibus
2081 3392 2452 3456 carnificum
2486 3393 2598 3475 qui

609 3509 834 3552 omnes
870 3490 1058 3552 huius
1092 3500 1156 3552 et
1193 3490 1327 3553 irae
1355 3489 1709 3551 inserviunt
1738 3499 1801 3552 et
1828 3489 2057 3569 palato.
2146 3489 2219 3553 Si
2250 3491 2393 3571 quis
2421 3511 2596 3573 pere·

607 3587 848 3666 grinuS,
896 3605 1110 3650 rerum
1160 3585 1438 3666 ignarus,
1490 3585 1614 3647 huc
1663 3586 1953 3649 fortassis
2002 3588 2333 3667 appulerit,
2386 3589 2600 3652 statim

610 3703 715 3744 res
744 3682 880 3744 fisci
908 3693 1005 3746 est
1032 3683 1501 3762 apponiturque
1529 3682 1675 3744 duci
1703 3702 1901 3745 cenae
1924 3694 2156 3763 caput;
2200 3703 2329 3764 quo
2357 3704 2624 3764 genere.
