<?xml version="1.0" encoding="UTF-8"?>
<!DOCTYPE html PUBLIC "-//W3C//DTD XHTML 1.0 Transitional//EN"
    "http://www.w3.org/TR/xhtml1/DTD/xhtml1-transitional.dtd">
<html xmlns="http://www.w3.org/1999/xhtml" xml:lang="en" lang="en">
 <head>
  <title>
</title>
<meta http-equiv="Content-Type" content="text/html;charset=utf-8" />
  <meta name='ocr-system' content='tesseract 3.04.00' />
  <meta name='ocr-capabilities' content='ocr_page ocr_carea ocr_par ocr_line ocrx_word'/>
</head>
<body>
  <div class='ocr_page' id='page_1' title='image "./mundusalteretit00andegoog_0108.png"; bbox 0 0 2859 4342; ppageno 0'>
   <div class='ocr_carea' id='block_1_1' title="bbox 607 345 2611 478">
    <p class='ocr_par' dir='ltr' id='par_1_1' title="bbox 607 345 2611 478">
     <span class='ocr_line' id='line_1_1' title="bbox 607 345 2611 478; baseline 0 -22"><span class='ocrx_word' id='word_1_1' title='bbox 607 397 689 456; x_wconf 84' lang='lat'><strong>88</strong></span> <span class='ocrx_word' id='word_1_2' title='bbox 978 394 1377 458; x_wconf 85' lang='lat' dir='ltr'>MUNDUS</span> <span class='ocrx_word' id='word_1_3' title='bbox 1435 394 1747 458; x_wconf 80' lang='lat' dir='ltr'><strong>ALTER</strong></span> <span class='ocrx_word' id='word_1_4' title='bbox 1809 394 1925 457; x_wconf 85' lang='lat' dir='ltr'><strong>ET</strong></span> <span class='ocrx_word' id='word_1_5' title='bbox 1987 345 2217 458; x_wconf 39' lang='lat' dir='ltr'>I&#39;DEM</span> <span class='ocrx_word' id='word_1_6' title='bbox 2340 395 2611 478; x_wconf 59' lang='grc' dir='ltr'><strong>[μων</strong></span> 
     </span>
    </p>
   </div>
   <div class='ocr_carea' id='block_1_2' title="bbox 526 550 2685 3482">
    <p class='ocr_par' dir='ltr' id='par_1_2' title="bbox 607 550 2613 926">
     <span class='ocr_line' id='line_1_2' title="bbox 694 550 2609 632; baseline 0.001 -21"><span class='ocrx_word' id='word_1_7' title='bbox 694 550 1026 632; x_wconf 90' lang='lat' dir='ltr'><strong>Fripperia</strong></span> <span class='ocrx_word' id='word_1_8' title='bbox 1065 553 1362 613; x_wconf 90' lang='lat' dir='ltr'><strong>omnibus</strong></span> <span class='ocrx_word' id='word_1_9' title='bbox 1401 562 1464 614; x_wconf 92' lang='lat' dir='ltr'><strong>et</strong></span> <span class='ocrx_word' id='word_1_10' title='bbox 1506 551 1812 613; x_wconf 88' lang='lat' dir='ltr'><strong>artificum</strong></span> <span class='ocrx_word' id='word_1_11' title='bbox 1854 552 2200 632; x_wconf 87' lang='lat' dir='ltr'><strong>generibus</strong></span> <span class='ocrx_word' id='word_1_12' title='bbox 2243 551 2609 629; x_wconf 85' lang='lat' dir='ltr'><strong>instruitur,</strong></span> 
     </span>
     <span class='ocr_line' id='line_1_3' title="bbox 609 649 2612 730; baseline 0 -20"><span class='ocrx_word' id='word_1_13' title='bbox 609 649 911 711; x_wconf 90' lang='lat' dir='ltr'><strong>mercium</strong></span> <span class='ocrx_word' id='word_1_14' title='bbox 956 649 1204 711; x_wconf 87' lang='lat' dir='ltr'><strong>officina</strong></span> <span class='ocrx_word' id='word_1_15' title='bbox 1251 661 1460 712; x_wconf 89' lang='lat' dir='ltr'><strong>tamen</strong></span> <span class='ocrx_word' id='word_1_16' title='bbox 1513 649 1615 711; x_wconf 86' lang='lat' dir='ltr'><strong>hic</strong></span> <span class='ocrx_word' id='word_1_17' title='bbox 1673 651 1886 713; x_wconf 88' lang='lat' dir='ltr'><strong>nulla:</strong></span> <span class='ocrx_word' id='word_1_18' title='bbox 1943 649 2262 712; x_wconf 87' lang='lat' dir='ltr'>continuis</span> <span class='ocrx_word' id='word_1_19' title='bbox 2324 650 2612 730; x_wconf 86' lang='lat' dir='ltr'><strong>quisque</strong></span> 
     </span>
     <span class='ocr_line' id='line_1_4' title="bbox 608 747 2613 827; baseline -0 -19"><span class='ocrx_word' id='word_1_20' title='bbox 608 747 990 810; x_wconf 88' lang='lat' dir='ltr'><strong>clamoribus</strong></span> <span class='ocrx_word' id='word_1_21' title='bbox 1040 757 1237 808; x_wconf 90' lang='lat' dir='ltr'><strong>artem</strong></span> <span class='ocrx_word' id='word_1_22' title='bbox 1288 767 1469 809; x_wconf 89' lang='lat' dir='ltr'><strong>suam</strong></span> <span class='ocrx_word' id='word_1_23' title='bbox 1515 757 1577 808; x_wconf 92' lang='lat' dir='ltr'><strong>et</strong></span> <span class='ocrx_word' id='word_1_24' title='bbox 1632 766 1879 809; x_wconf 87' lang='lat' dir='ltr'><strong>merces</strong></span> <span class='ocrx_word' id='word_1_25' title='bbox 1929 747 2193 827; x_wconf 87' lang='lat' dir='ltr'>exponit</span> <span class='ocrx_word' id='word_1_26' title='bbox 2243 747 2613 809; x_wconf 89' lang='lat' dir='ltr'><strong>transeunti</strong></span> 
     </span>
     <span class='ocr_line' id='line_1_5' title="bbox 607 845 863 926; baseline 0 -20"><span class='ocrx_word' id='word_1_27' title='bbox 607 845 863 926; x_wconf 85' lang='lat' dir='ltr'><strong>populo.</strong></span> 
     </span>
    </p>

    <p class='ocr_par' dir='ltr' id='par_1_3' title="bbox 554 942 2615 1415">
     <span class='ocr_line' id='line_1_6' title="bbox 554 942 2615 1025; baseline 0.001 -21"><span class='ocrx_word' id='word_1_28' title='bbox 554 965 580 1013; x_wconf 88' lang='lat'><strong>5</strong></span> <span class='ocrx_word' id='word_1_29' title='bbox 689 942 822 1004; x_wconf 85' lang='lat' dir='ltr'><strong>Sed</strong></span> <span class='ocrx_word' id='word_1_30' title='bbox 863 942 1498 1023; x_wconf 87' lang='lat' dir='ltr'><strong>pharmacopolarum</strong></span> <span class='ocrx_word' id='word_1_31' title='bbox 1541 942 1824 1023; x_wconf 89' lang='lat' dir='ltr'><strong>profecto</strong></span> <span class='ocrx_word' id='word_1_32' title='bbox 1867 942 1969 1004; x_wconf 87' lang='lat' dir='ltr'><strong>hic</strong></span> <span class='ocrx_word' id='word_1_33' title='bbox 2015 944 2164 1023; x_wconf 90' lang='lat' dir='ltr'><strong>plus</strong></span> <span class='ocrx_word' id='word_1_34' title='bbox 2207 963 2398 1025; x_wconf 91' lang='lat' dir='ltr'><strong>quam</strong></span> <span class='ocrx_word' id='word_1_35' title='bbox 2441 944 2615 1007; x_wconf 88' lang='lat' dir='ltr'><strong>satis</strong></span> 
     </span>
     <span class='ocr_line' id='line_1_7' title="bbox 610 1040 2613 1121; baseline 0.002 -21"><span class='ocrx_word' id='word_1_36' title='bbox 610 1049 719 1114; x_wconf 92' lang='lat' dir='ltr'><strong>est,</strong></span> <span class='ocrx_word' id='word_1_37' title='bbox 781 1060 1050 1120; x_wconf 91' lang='lat' dir='ltr'><strong>quorum</strong></span> <span class='ocrx_word' id='word_1_38' title='bbox 1108 1040 1282 1102; x_wconf 88' lang='lat' dir='ltr'><strong>fraus</strong></span> <span class='ocrx_word' id='word_1_39' title='bbox 1344 1040 1551 1101; x_wconf 88' lang='lat' dir='ltr'><strong>omnis</strong></span> <span class='ocrx_word' id='word_1_40' title='bbox 1617 1041 1681 1101; x_wconf 90' lang='lat' dir='ltr'><strong>in</strong></span> <span class='ocrx_word' id='word_1_41' title='bbox 1746 1041 2065 1103; x_wconf 85' lang='lat' dir='ltr'><strong>mutandis</strong></span> <span class='ocrx_word' id='word_1_42' title='bbox 2125 1041 2613 1121; x_wconf 87' lang='lat' dir='ltr'><strong>miscendisque</strong></span> 
     </span>
     <span class='ocr_line' id='line_1_8' title="bbox 607 1137 2608 1219; baseline 0.002 -21"><span class='ocrx_word' id='word_1_43' title='bbox 607 1138 990 1218; x_wconf 84' lang='lat' dir='ltr'><strong>pyxidiculis</strong></span> <span class='ocrx_word' id='word_1_44' title='bbox 1047 1138 1155 1200; x_wconf 87' lang='lat' dir='ltr'><strong>vix</strong></span> <span class='ocrx_word' id='word_1_45' title='bbox 1218 1138 1387 1199; x_wconf 90' lang='lat' dir='ltr'><strong>iusto</strong></span> <span class='ocrx_word' id='word_1_46' title='bbox 1442 1137 1763 1200; x_wconf 86' lang='lat' dir='ltr'><strong>volumine</strong></span> <span class='ocrx_word' id='word_1_47' title='bbox 1832 1150 2052 1219; x_wconf 86' lang='lat' dir='ltr'><strong>posset</strong></span> <span class='ocrx_word' id='word_1_48' title='bbox 2122 1140 2608 1219; x_wconf 73' lang='lat' dir='ltr'><strong>comprehendi.</strong></span> 
     </span>
     <span class='ocr_line' id='line_1_9' title="bbox 612 1236 2613 1317; baseline 0.002 -21"><span class='ocrx_word' id='word_1_49' title='bbox 612 1236 817 1298; x_wconf 90' lang='lat' dir='ltr'><strong>Dolus</strong></span> <span class='ocrx_word' id='word_1_50' title='bbox 855 1237 1056 1297; x_wconf 88' lang='lat' dir='ltr'><strong>malus</strong></span> <span class='ocrx_word' id='word_1_51' title='bbox 1096 1236 1296 1297; x_wconf 90' lang='lat' dir='ltr'><strong>sicubi</strong></span> <span class='ocrx_word' id='word_1_52' title='bbox 1326 1246 1616 1297; x_wconf 87' lang='lat' dir='ltr'><strong>occurrat</strong></span> <span class='ocrx_word' id='word_1_53' title='bbox 1643 1238 1868 1317; x_wconf 90' lang='lat' dir='ltr'><strong>palam,</strong></span> <span class='ocrx_word' id='word_1_54' title='bbox 1901 1237 2057 1299; x_wconf 89' lang='lat' dir='ltr'><strong>satis</strong></span> <span class='ocrx_word' id='word_1_55' title='bbox 2086 1237 2341 1317; x_wconf 89' lang='lat' dir='ltr'><strong>quidem</strong></span> <span class='ocrx_word' id='word_1_56' title='bbox 2371 1257 2613 1300; x_wconf 86' lang='lat' dir='ltr'><strong>severe</strong></span> 
     </span>
     <span class='ocr_line' id='line_1_10' title="bbox 607 1333 2614 1415; baseline 0.001 -20"><span class='ocrx_word' id='word_1_57' title='bbox 607 1334 937 1414; x_wconf 87' lang='lat' dir='ltr'><strong>plectitur:</strong></span> <span class='ocrx_word' id='word_1_58' title='bbox 982 1334 1044 1395; x_wconf 93' lang='lat' dir='ltr'><strong>id</strong></span> <span class='ocrx_word' id='word_1_59' title='bbox 1078 1354 1229 1396; x_wconf 92' lang='lat' dir='ltr'><strong>vero</strong></span> <span class='ocrx_word' id='word_1_60' title='bbox 1261 1354 1342 1395; x_wconf 93' lang='lat' dir='ltr'><strong>ne</strong></span> <span class='ocrx_word' id='word_1_61' title='bbox 1379 1333 1487 1396; x_wconf 82' lang='lat' dir='ltr'><strong>fiat</strong></span> <span class='ocrx_word' id='word_1_62' title='bbox 1527 1344 1706 1396; x_wconf 88' lang='lat' dir='ltr'><strong>cavet</strong></span> <span class='ocrx_word' id='word_1_63' title='bbox 1741 1335 2012 1415; x_wconf 89' lang='lat' dir='ltr'><strong>quisque</strong></span> <span class='ocrx_word' id='word_1_64' title='bbox 2051 1334 2277 1397; x_wconf 91' lang='lat' dir='ltr'><strong>sedulo</strong></span> <span class='ocrx_word' id='word_1_65' title='bbox 2296 1354 2314 1412; x_wconf 86' lang='lat'>;</span> <span class='ocrx_word' id='word_1_66' title='bbox 2360 1355 2511 1397; x_wconf 86' lang='lat' dir='ltr'><strong>nam</strong></span> <span class='ocrx_word' id='word_1_67' title='bbox 2542 1348 2614 1398; x_wconf 90' lang='lat' dir='ltr'><strong>et</strong></span> 
     </span>
    </p>

    <p class='ocr_par' dir='ltr' id='par_1_4' title="bbox 527 1432 2612 1613">
     <span class='ocr_line' id='line_1_11' title="bbox 527 1432 2612 1521; baseline 0.001 -28"><span class='ocrx_word' id='word_1_68' title='bbox 527 1469 584 1503; x_wconf 80' lang='lat'><strong>10</strong></span> <span class='ocrx_word' id='word_1_69' title='bbox 609 1432 832 1494; x_wconf 90' lang='lat' dir='ltr'><strong>faciem</strong></span> <span class='ocrx_word' id='word_1_70' title='bbox 879 1443 943 1494; x_wconf 92' lang='lat' dir='ltr'><strong>et</strong></span> <span class='ocrx_word' id='word_1_71' title='bbox 982 1442 1228 1521; x_wconf 78' lang='lat' dir='ltr'><strong>vestem</strong></span> <span class='ocrx_word' id='word_1_72' title='bbox 1276 1442 1339 1494; x_wconf 92' lang='lat' dir='ltr'><strong>et</strong></span> <span class='ocrx_word' id='word_1_73' title='bbox 1381 1451 1603 1494; x_wconf 91' lang='lat' dir='ltr'><strong>vocem</strong></span> <span class='ocrx_word' id='word_1_74' title='bbox 1652 1442 1715 1494; x_wconf 90' lang='lat' dir='ltr'><strong>et</strong></span> <span class='ocrx_word' id='word_1_75' title='bbox 1761 1443 1962 1495; x_wconf 90' lang='lat' dir='ltr'><strong>artem</strong></span> <span class='ocrx_word' id='word_1_76' title='bbox 2005 1443 2204 1495; x_wconf 90' lang='lat' dir='ltr'><strong>mutat</strong></span> <span class='ocrx_word' id='word_1_77' title='bbox 2255 1432 2492 1511; x_wconf 90' lang='lat' dir='ltr'><strong>indies,</strong></span> <span class='ocrx_word' id='word_1_78' title='bbox 2536 1446 2612 1496; x_wconf 91' lang='lat' dir='ltr'><strong>ut</strong></span> 
     </span>
     <span class='ocr_line' id='line_1_12' title="bbox 609 1530 2517 1613; baseline 0.001 -21"><span class='ocrx_word' id='word_1_79' title='bbox 609 1533 843 1592; x_wconf 90' lang='lat' dir='ltr'><strong>frustra</strong></span> <span class='ocrx_word' id='word_1_80' title='bbox 871 1530 953 1593; x_wconf 90' lang='lat' dir='ltr'><strong>sit</strong></span> <span class='ocrx_word' id='word_1_81' title='bbox 984 1531 1091 1610; x_wconf 94' lang='lat' dir='ltr'><strong>qui</strong></span> <span class='ocrx_word' id='word_1_82' title='bbox 1122 1530 1314 1593; x_wconf 93' lang='lat' dir='ltr'><strong>hodie</strong></span> <span class='ocrx_word' id='word_1_83' title='bbox 1344 1530 1711 1593; x_wconf 85' lang='lat' dir='ltr'><strong>hesternam</strong></span> <span class='ocrx_word' id='word_1_84' title='bbox 1743 1542 2047 1612; x_wconf 87' lang='lat' dir='ltr'><strong>queratur</strong></span> <span class='ocrx_word' id='word_1_85' title='bbox 2075 1532 2517 1613; x_wconf 87' lang='lat' dir='ltr'><strong>imposturam.</strong></span> 
     </span>
    </p>

    <p class='ocr_par' dir='ltr' id='par_1_5' title="bbox 609 1629 2611 1908">
     <span class='ocr_line' id='line_1_13' title="bbox 691 1629 2611 1711; baseline 0.001 -19"><span class='ocrx_word' id='word_1_86' title='bbox 691 1630 930 1693; x_wconf 88' lang='lat' dir='ltr'><strong>Schola</strong></span> <span class='ocrx_word' id='word_1_87' title='bbox 956 1629 1059 1691; x_wconf 84' lang='lat' dir='ltr'><strong>hie</strong></span> <span class='ocrx_word' id='word_1_88' title='bbox 1093 1629 1346 1710; x_wconf 88' lang='lat' dir='ltr'><strong>publica</strong></span> <span class='ocrx_word' id='word_1_89' title='bbox 1377 1629 1442 1690; x_wconf 90' lang='lat' dir='ltr'><strong>in</strong></span> <span class='ocrx_word' id='word_1_90' title='bbox 1472 1630 1795 1693; x_wconf 85' lang='lat' dir='ltr'><strong>suburbiis</strong></span> <span class='ocrx_word' id='word_1_91' title='bbox 1830 1631 2128 1711; x_wconf 88' lang='lat' dir='ltr'><strong>aperitur,</strong></span> <span class='ocrx_word' id='word_1_92' title='bbox 2165 1651 2294 1693; x_wconf 93' lang='lat' dir='ltr'><strong>non</strong></span> <span class='ocrx_word' id='word_1_93' title='bbox 2336 1631 2611 1693; x_wconf 89' lang='lat' dir='ltr'><strong>hercule</strong></span> 
     </span>
     <span class='ocr_line' id='line_1_14' title="bbox 609 1728 2610 1811; baseline 0.001 -22"><span class='ocrx_word' id='word_1_94' title='bbox 609 1728 960 1805; x_wconf 78' lang='lat' dir='ltr'><strong>incelebriS,</strong></span> <span class='ocrx_word' id='word_1_95' title='bbox 1024 1729 1087 1790; x_wconf 92' lang='lat' dir='ltr'><strong>in</strong></span> <span class='ocrx_word' id='word_1_96' title='bbox 1152 1748 1278 1809; x_wconf 88' lang='lat' dir='ltr'><strong>qua</strong></span> <span class='ocrx_word' id='word_1_97' title='bbox 1345 1747 1464 1789; x_wconf 90' lang='lat' dir='ltr'><strong>sua</strong></span> <span class='ocrx_word' id='word_1_98' title='bbox 1528 1748 1635 1790; x_wconf 90' lang='lat' dir='ltr'><strong>ars</strong></span> <span class='ocrx_word' id='word_1_99' title='bbox 1706 1729 2013 1791; x_wconf 88' lang='lat' dir='ltr'><strong>iuventuti</strong></span> <span class='ocrx_word' id='word_1_100' title='bbox 2079 1730 2362 1809; x_wconf 88' lang='lat' dir='ltr'><strong>quotidie</strong></span> <span class='ocrx_word' id='word_1_101' title='bbox 2426 1750 2610 1811; x_wconf 86' lang='lat' dir='ltr'><strong>prae·</strong></span> 
     </span>
     <span class='ocr_line' id='line_1_15' title="bbox 611 1828 861 1908; baseline 0 -19"><span class='ocrx_word' id='word_1_102' title='bbox 611 1828 861 1908; x_wconf 89' lang='lat' dir='ltr'><strong>legitur.</strong></span> 
     </span>
    </p>

    <p class='ocr_par' dir='ltr' id='par_1_6' title="bbox 527 1925 2685 2400">
     <span class='ocr_line' id='line_1_16' title="bbox 527 1925 2612 2008; baseline -0 -18"><span class='ocrx_word' id='word_1_103' title='bbox 527 1955 585 2005; x_wconf 88' lang='lat'><strong>15</strong></span> <span class='ocrx_word' id='word_1_104' title='bbox 694 1926 822 1988; x_wconf 91' lang='lat' dir='ltr'><strong>His</strong></span> <span class='ocrx_word' id='word_1_105' title='bbox 849 1925 1087 1988; x_wconf 86' lang='lat' dir='ltr'><strong>scilicet</strong></span> <span class='ocrx_word' id='word_1_106' title='bbox 1113 1925 1418 1987; x_wconf 89' lang='lat' dir='ltr'><strong>Alcorani</strong></span> <span class='ocrx_word' id='word_1_107' title='bbox 1448 1926 1656 1988; x_wconf 88' lang='lat' dir='ltr'><strong>locum</strong></span> <span class='ocrx_word' id='word_1_108' title='bbox 1688 1926 1930 1989; x_wconf 89' lang='lat' dir='ltr'><strong>obtinet</strong></span> <span class='ocrx_word' id='word_1_109' title='bbox 1964 1925 2407 2008; x_wconf 88' lang='lat' dir='ltr'><strong>antiquissima</strong></span> <span class='ocrx_word' id='word_1_110' title='bbox 2438 1927 2612 1990; x_wconf 86' lang='lat' dir='ltr'><strong>Mer-</strong></span> 
     </span>
     <span class='ocr_line' id='line_1_17' title="bbox 611 2023 2613 2106; baseline 0.001 -20"><span class='ocrx_word' id='word_1_111' title='bbox 611 2025 767 2086; x_wconf 89' lang='lat' dir='ltr'><strong>curii</strong></span> <span class='ocrx_word' id='word_1_112' title='bbox 811 2023 1118 2100; x_wconf 87' lang='lat' dir='ltr'><strong>Historia,</strong></span> <span class='ocrx_word' id='word_1_113' title='bbox 1168 2024 1307 2085; x_wconf 93' lang='lat' dir='ltr'><strong>orbi</strong></span> <span class='ocrx_word' id='word_1_114' title='bbox 1352 2034 1573 2086; x_wconf 88' lang='lat' dir='ltr'><strong>nostro</strong></span> <span class='ocrx_word' id='word_1_115' title='bbox 1615 2026 1870 2105; x_wconf 89' lang='lat' dir='ltr'><strong>penitus</strong></span> <span class='ocrx_word' id='word_1_116' title='bbox 1915 2025 2169 2106; x_wconf 86' lang='lat' dir='ltr'><strong>ignota:</strong></span> <span class='ocrx_word' id='word_1_117' title='bbox 2212 2045 2376 2105; x_wconf 91' lang='lat' dir='ltr'><strong>quae</strong></span> <span class='ocrx_word' id='word_1_118' title='bbox 2415 2027 2613 2088; x_wconf 92' lang='lat' dir='ltr'><strong>docet</strong></span> 
     </span>
     <span class='ocr_line' id='line_1_18' title="bbox 612 2120 2612 2204; baseline 0.001 -20"><span class='ocrx_word' id='word_1_119' title='bbox 612 2143 799 2203; x_wconf 91' lang='lat' dir='ltr'><strong>quam</strong></span> <span class='ocrx_word' id='word_1_120' title='bbox 843 2122 1108 2184; x_wconf 88' lang='lat' dir='ltr'><strong>feliciter</strong></span> <span class='ocrx_word' id='word_1_121' title='bbox 1151 2120 1504 2203; x_wconf 89' lang='lat' dir='ltr'><strong>Cyllenius,</strong></span> <span class='ocrx_word' id='word_1_122' title='bbox 1544 2123 1754 2185; x_wconf 89' lang='lat' dir='ltr'><strong>adhuc</strong></span> <span class='ocrx_word' id='word_1_123' title='bbox 1798 2122 2023 2201; x_wconf 82' lang='lat' dir='ltr'><strong>infanS,</strong></span> <span class='ocrx_word' id='word_1_124' title='bbox 2066 2144 2105 2185; x_wconf 91' lang='lat' dir='ltr'><strong>a</strong></span> <span class='ocrx_word' id='word_1_125' title='bbox 2152 2122 2459 2204; x_wconf 92' lang='lat' dir='ltr'><strong>Neptuno</strong></span> <span class='ocrx_word' id='word_1_126' title='bbox 2503 2124 2612 2186; x_wconf 86' lang='lat' dir='ltr'><strong>tri-</strong></span> 
     </span>
     <span class='ocr_line' id='line_1_19' title="bbox 612 2215 2685 2302; baseline 0.001 -19"><span class='ocrx_word' id='word_1_127' title='bbox 612 2223 884 2297; x_wconf 88' lang='lat' dir='ltr'><strong>dentem,</strong></span> <span class='ocrx_word' id='word_1_128' title='bbox 939 2241 978 2282; x_wconf 91' lang='lat' dir='ltr'><strong>a</strong></span> <span class='ocrx_word' id='word_1_129' title='bbox 1031 2220 1238 2282; x_wconf 88' lang='lat' dir='ltr'><strong>Marte</strong></span> <span class='ocrx_word' id='word_1_130' title='bbox 1286 2220 1585 2301; x_wconf 87' lang='lat' dir='ltr'><strong>gladium,</strong></span> <span class='ocrx_word' id='word_1_131' title='bbox 1635 2223 1716 2283; x_wconf 91' lang='lat' dir='ltr'><strong>ab</strong></span> <span class='ocrx_word' id='word_1_132' title='bbox 1759 2222 2058 2302; x_wconf 90' lang='lat' dir='ltr'><strong>Apolline</strong></span> <span class='ocrx_word' id='word_1_133' title='bbox 2116 2242 2331 2283; x_wconf 90' lang='lat' dir='ltr'><strong>arcum</strong></span> <span class='ocrx_word' id='word_1_134' title='bbox 2380 2223 2608 2302; x_wconf 88' lang='lat' dir='ltr'><strong>phare·</strong></span> <span class='ocrx_word' id='word_1_135' title='bbox 2679 2215 2685 2221; x_wconf 65' lang='grc'>’</span> 
     </span>
     <span class='ocr_line' id='line_1_20' title="bbox 612 2318 2610 2400; baseline 0.002 -19"><span class='ocrx_word' id='word_1_136' title='bbox 612 2331 919 2400; x_wconf 87' lang='lat' dir='ltr'><strong>tramque,</strong></span> <span class='ocrx_word' id='word_1_137' title='bbox 950 2338 989 2379; x_wconf 91' lang='lat' dir='ltr'><strong>a</strong></span> <span class='ocrx_word' id='word_1_138' title='bbox 1016 2318 1308 2379; x_wconf 91' lang='lat' dir='ltr'><strong>Vulcano</strong></span> <span class='ocrx_word' id='word_1_139' title='bbox 1339 2319 1661 2399; x_wconf 88' lang='lat' dir='ltr'><strong>forcipem,</strong></span> <span class='ocrx_word' id='word_1_140' title='bbox 1695 2341 1734 2381; x_wconf 91' lang='lat' dir='ltr'><strong>a</strong></span> <span class='ocrx_word' id='word_1_141' title='bbox 1760 2319 2021 2383; x_wconf 88' lang='lat' dir='ltr'><strong>Venere</strong></span> <span class='ocrx_word' id='word_1_142' title='bbox 2049 2320 2375 2400; x_wconf 88' lang='lat' dir='ltr'><strong>cingulum</strong></span> <span class='ocrx_word' id='word_1_143' title='bbox 2413 2321 2610 2384; x_wconf 87' lang='lat' dir='ltr'><strong>suffu-</strong></span> 
     </span>
    </p>

    <p class='ocr_par' dir='ltr' id='par_1_7' title="bbox 526 2416 2609 2892">
     <span class='ocr_line' id='line_1_21' title="bbox 526 2416 2609 2499; baseline 0.001 -20"><span class='ocrx_word' id='word_1_144' title='bbox 526 2443 588 2479; x_wconf 66' lang='grc' dir='ltr'><strong>πο</strong></span> <span class='ocrx_word' id='word_1_145' title='bbox 614 2428 790 2481; x_wconf 90' lang='lat' dir='ltr'><strong>ratus</strong></span> <span class='ocrx_word' id='word_1_146' title='bbox 827 2417 924 2492; x_wconf 88' lang='lat' dir='ltr'><strong>sit,</strong></span> <span class='ocrx_word' id='word_1_147' title='bbox 958 2416 1039 2479; x_wconf 94' lang='lat' dir='ltr'><strong>ab</strong></span> <span class='ocrx_word' id='word_1_148' title='bbox 1072 2416 1226 2479; x_wconf 92' lang='lat' dir='ltr'><strong>Iove</strong></span> <span class='ocrx_word' id='word_1_149' title='bbox 1254 2416 1494 2479; x_wconf 87' lang='lat' dir='ltr'><strong>fulmen</strong></span> <span class='ocrx_word' id='word_1_150' title='bbox 1529 2418 1943 2499; x_wconf 86' lang='lat' dir='ltr'><strong>surripuerit;</strong></span> <span class='ocrx_word' id='word_1_151' title='bbox 2000 2439 2073 2481; x_wconf 89' lang='lat' dir='ltr'><strong>ac</strong></span> <span class='ocrx_word' id='word_1_152' title='bbox 2113 2418 2349 2481; x_wconf 91' lang='lat' dir='ltr'><strong>deinde</strong></span> <span class='ocrx_word' id='word_1_153' title='bbox 2387 2420 2609 2482; x_wconf 84' lang='lat' dir='ltr'><strong>subdit</strong></span> 
     </span>
     <span class='ocr_line' id='line_1_22' title="bbox 614 2515 2607 2598; baseline 0 -19"><span class='ocrx_word' id='word_1_154' title='bbox 614 2516 955 2596; x_wconf 90' lang='lat' dir='ltr'><strong>omnigena</strong></span> <span class='ocrx_word' id='word_1_155' title='bbox 995 2515 1415 2578; x_wconf 88' lang='lat' dir='ltr'><strong>defraudandi</strong></span> <span class='ocrx_word' id='word_1_156' title='bbox 1464 2516 1843 2598; x_wconf 89' lang='lat' dir='ltr'><strong>furandique</strong></span> <span class='ocrx_word' id='word_1_157' title='bbox 1886 2518 2282 2594; x_wconf 88' lang='lat' dir='ltr'><strong>documenta,</strong></span> <span class='ocrx_word' id='word_1_158' title='bbox 2329 2518 2607 2580; x_wconf 84' lang='lat' dir='ltr'><strong>tironem</strong></span> 
     </span>
     <span class='ocr_line' id='line_1_23' title="bbox 613 2604 2608 2697; baseline 0.002 -20"><span class='ocrx_word' id='word_1_159' title='bbox 613 2614 902 2697; x_wconf 88' lang='lat' dir='ltr'><strong>plurimis</strong></span> <span class='ocrx_word' id='word_1_160' title='bbox 943 2614 1151 2677; x_wconf 90' lang='lat' dir='ltr'><strong>modis</strong></span> <span class='ocrx_word' id='word_1_161' title='bbox 1184 2615 1425 2677; x_wconf 90' lang='lat' dir='ltr'><strong>docens</strong></span> <span class='ocrx_word' id='word_1_162' title='bbox 1469 2624 1766 2678; x_wconf 87' lang='lat' dir='ltr'><strong>excutere</strong></span> <span class='ocrx_word' id='word_1_163' title='bbox 1810 2636 2042 2694; x_wconf 89' lang='lat' dir='ltr'><strong>seram,</strong></span> <span class='ocrx_word' id='word_1_164' title='bbox 2071 2616 2400 2697; x_wconf 84' lang='lat' dir='ltr'><strong>pessulum</strong></span> <span class='ocrx_word' id='word_1_165' title='bbox 2439 2604 2608 2681; x_wconf 80' lang='lat' dir='ltr'><strong>rese·</strong></span> 
     </span>
     <span class='ocr_line' id='line_1_24' title="bbox 614 2714 2607 2793; baseline 0.003 -18"><span class='ocrx_word' id='word_1_166' title='bbox 614 2734 778 2792; x_wconf 89' lang='lat' dir='ltr'><strong>rare,</strong></span> <span class='ocrx_word' id='word_1_167' title='bbox 807 2714 976 2776; x_wconf 89' lang='lat' dir='ltr'><strong>lente</strong></span> <span class='ocrx_word' id='word_1_168' title='bbox 1013 2733 1269 2775; x_wconf 90' lang='lat' dir='ltr'><strong>movere</strong></span> <span class='ocrx_word' id='word_1_169' title='bbox 1311 2714 1559 2793; x_wconf 89' lang='lat' dir='ltr'><strong>pedem,</strong></span> <span class='ocrx_word' id='word_1_170' title='bbox 1592 2733 1778 2777; x_wconf 91' lang='lat' dir='ltr'><strong>arcae</strong></span> <span class='ocrx_word' id='word_1_171' title='bbox 1818 2714 1941 2776; x_wconf 89' lang='lat' dir='ltr'><strong>iam</strong></span> <span class='ocrx_word' id='word_1_172' title='bbox 1980 2716 2236 2777; x_wconf 89' lang='lat' dir='ltr'><strong>clausae</strong></span> <span class='ocrx_word' id='word_1_173' title='bbox 2275 2714 2451 2777; x_wconf 90' lang='lat' dir='ltr'><strong>filum</strong></span> <span class='ocrx_word' id='word_1_174' title='bbox 2484 2717 2607 2780; x_wconf 90' lang='lat' dir='ltr'><strong>vis·</strong></span> 
     </span>
     <span class='ocr_line' id='line_1_25' title="bbox 613 2811 2605 2892; baseline 0.002 -18"><span class='ocrx_word' id='word_1_175' title='bbox 613 2832 830 2874; x_wconf 89' lang='lat' dir='ltr'><strong>cosum</strong></span> <span class='ocrx_word' id='word_1_176' title='bbox 893 2811 1246 2889; x_wconf 89' lang='lat' dir='ltr'><strong>immittere,</strong></span> <span class='ocrx_word' id='word_1_177' title='bbox 1309 2812 1542 2873; x_wconf 89' lang='lat' dir='ltr'><strong>intacta</strong></span> <span class='ocrx_word' id='word_1_178' title='bbox 1604 2832 1905 2875; x_wconf 91' lang='lat' dir='ltr'><strong>crumena</strong></span> <span class='ocrx_word' id='word_1_179' title='bbox 1965 2833 2290 2875; x_wconf 89' lang='lat' dir='ltr'><strong>nummum</strong></span> <span class='ocrx_word' id='word_1_180' title='bbox 2353 2813 2605 2892; x_wconf 88' lang='lat' dir='ltr'><strong>elicere,</strong></span> 
     </span>
    </p>

    <p class='ocr_par' dir='ltr' id='par_1_8' title="bbox 531 2899 2611 3188">
     <span class='ocr_line' id='line_1_26' title="bbox 531 2899 2608 2992; baseline 0.002 -21"><span class='ocrx_word' id='word_1_181' title='bbox 531 2937 591 2986; x_wconf 82' lang='lat'><strong>25</strong></span> <span class='ocrx_word' id='word_1_182' title='bbox 616 2911 787 2992; x_wconf 91' lang='lat' dir='ltr'><strong>quod</strong></span> <span class='ocrx_word' id='word_1_183' title='bbox 817 2910 1042 2972; x_wconf 88' lang='lat' dir='ltr'><strong>feceris</strong></span> <span class='ocrx_word' id='word_1_184' title='bbox 1071 2921 1329 2973; x_wconf 89' lang='lat' dir='ltr'><strong>strenue</strong></span> <span class='ocrx_word' id='word_1_185' title='bbox 1360 2911 1646 2990; x_wconf 89' lang='lat' dir='ltr'><strong>peierare</strong></span> <span class='ocrx_word' id='word_1_186' title='bbox 1677 2931 1795 2973; x_wconf 90' lang='lat' dir='ltr'><strong>nec</strong></span> <span class='ocrx_word' id='word_1_187' title='bbox 1825 2899 2075 2974; x_wconf 85' lang='lat' dir='ltr'><strong>interim</strong></span> <span class='ocrx_word' id='word_1_188' title='bbox 2107 2912 2501 2989; x_wconf 90' lang='lat' dir='ltr'><strong>erubescere,</strong></span> <span class='ocrx_word' id='word_1_189' title='bbox 2533 2934 2608 2976; x_wconf 88' lang='lat' dir='ltr'><strong>ac</strong></span> 
     </span>
     <span class='ocr_line' id='line_1_27' title="bbox 615 3008 2611 3090; baseline 0.001 -18"><span class='ocrx_word' id='word_1_190' title='bbox 615 3010 788 3072; x_wconf 92' lang='lat' dir='ltr'><strong>mille</strong></span> <span class='ocrx_word' id='word_1_191' title='bbox 816 3008 1174 3070; x_wconf 88' lang='lat' dir='ltr'><strong>istiusmodi</strong></span> <span class='ocrx_word' id='word_1_192' title='bbox 1200 3010 1483 3084; x_wconf 82' lang='lat' dir='ltr'><strong>technaS,</strong></span> <span class='ocrx_word' id='word_1_193' title='bbox 1505 3018 1771 3090; x_wconf 74' lang='lat' dir='ltr'><strong>quarum</strong></span> <span class='ocrx_word' id='word_1_194' title='bbox 1794 3030 1915 3090; x_wconf 90' lang='lat' dir='ltr'><strong>ego</strong></span> <span class='ocrx_word' id='word_1_195' title='bbox 1945 3030 2176 3073; x_wconf 88' lang='lat' dir='ltr'><strong>arcana</strong></span> <span class='ocrx_word' id='word_1_196' title='bbox 2198 3009 2611 3073; x_wconf 88' lang='lat' dir='ltr'><strong>Caballistica</strong></span> 
     </span>
     <span class='ocr_line' id='line_1_28' title="bbox 615 3107 2084 3188; baseline -0.001 -19"><span class='ocrx_word' id='word_1_197' title='bbox 615 3107 970 3188; x_wconf 87' lang='lat' dir='ltr'><strong>disquirere</strong></span> <span class='ocrx_word' id='word_1_198' title='bbox 1000 3107 1369 3187; x_wconf 90' lang='lat' dir='ltr'><strong>contempsi.</strong></span> <span class='ocrx_word' id='word_1_199' title='bbox 2074 3109 2084 3119; x_wconf 78' lang='lat'>‘</span> 
     </span>
    </p>

    <p class='ocr_par' dir='ltr' id='par_1_9' title="bbox 619 3204 2615 3386">
     <span class='ocr_line' id='line_1_29' title="bbox 700 3204 2613 3286; baseline 0.001 -18"><span class='ocrx_word' id='word_1_200' title='bbox 700 3204 1040 3286; x_wconf 89' lang='lat' dir='ltr'><strong>Caupones</strong></span> <span class='ocrx_word' id='word_1_201' title='bbox 1083 3207 1163 3268; x_wconf 90' lang='lat' dir='ltr'><strong>ad</strong></span> <span class='ocrx_word' id='word_1_202' title='bbox 1196 3227 1391 3267; x_wconf 91' lang='lat' dir='ltr'><strong>unum</strong></span> <span class='ocrx_word' id='word_1_203' title='bbox 1430 3225 1654 3269; x_wconf 91' lang='lat' dir='ltr'><strong>omnes</strong></span> <span class='ocrx_word' id='word_1_204' title='bbox 1697 3206 1783 3267; x_wconf 93' lang='lat' dir='ltr'><strong>ita</strong></span> <span class='ocrx_word' id='word_1_205' title='bbox 1826 3207 1989 3269; x_wconf 91' lang='lat' dir='ltr'><strong>male</strong></span> <span class='ocrx_word' id='word_1_206' title='bbox 2028 3205 2139 3268; x_wconf 92' lang='lat' dir='ltr'><strong>fidi</strong></span> <span class='ocrx_word' id='word_1_207' title='bbox 2179 3216 2328 3268; x_wconf 91' lang='lat' dir='ltr'><strong>sunt</strong></span> <span class='ocrx_word' id='word_1_208' title='bbox 2367 3215 2436 3267; x_wconf 92' lang='lat' dir='ltr'><strong>ut</strong></span> <span class='ocrx_word' id='word_1_209' title='bbox 2475 3226 2613 3270; x_wconf 88' lang='lat' dir='ltr'><strong>non</strong></span> 
     </span>
     <span class='ocr_line' id='line_1_30' title="bbox 619 3304 2615 3386; baseline 0.001 -19"><span class='ocrx_word' id='word_1_210' title='bbox 619 3307 894 3368; x_wconf 85' lang='lat' dir='ltr'><strong>audeant</strong></span> <span class='ocrx_word' id='word_1_211' title='bbox 932 3305 1221 3385; x_wconf 87' lang='lat' dir='ltr'><strong>hospites</strong></span> <span class='ocrx_word' id='word_1_212' title='bbox 1259 3305 1361 3368; x_wconf 93' lang='lat' dir='ltr'><strong>vel</strong></span> <span class='ocrx_word' id='word_1_213' title='bbox 1400 3306 1537 3367; x_wconf 89' lang='lat' dir='ltr'><strong>suis</strong></span> <span class='ocrx_word' id='word_1_214' title='bbox 1577 3305 2023 3367; x_wconf 90' lang='lat' dir='ltr'><strong>dormientium</strong></span> <span class='ocrx_word' id='word_1_215' title='bbox 2062 3304 2342 3386; x_wconf 87' lang='lat' dir='ltr'><strong>pulvillis</strong></span> <span class='ocrx_word' id='word_1_216' title='bbox 2384 3324 2615 3368; x_wconf 89' lang='lat' dir='ltr'><strong>aurum</strong></span> 
     </span>
    </p>

    <p class='ocr_par' dir='ltr' id='par_1_10' title="bbox 532 3403 2617 3482">
     <span class='ocr_line' id='line_1_31' title="bbox 532 3403 2617 3482; baseline -0.001 -14"><span class='ocrx_word' id='word_1_217' title='bbox 532 3432 595 3481; x_wconf 86' lang='lat'><strong>30</strong></span> <span class='ocrx_word' id='word_1_218' title='bbox 620 3404 1001 3481; x_wconf 89' lang='lat' dir='ltr'><strong>submittere,</strong></span> <span class='ocrx_word' id='word_1_219' title='bbox 1064 3405 1166 3466; x_wconf 93' lang='lat' dir='ltr'><strong>vel</strong></span> <span class='ocrx_word' id='word_1_220' title='bbox 1234 3403 1503 3466; x_wconf 90' lang='lat' dir='ltr'><strong>sacculis</strong></span> <span class='ocrx_word' id='word_1_221' title='bbox 1570 3404 1815 3465; x_wconf 90' lang='lat' dir='ltr'><strong>arcisve</strong></span> <span class='ocrx_word' id='word_1_222' title='bbox 1879 3403 2203 3466; x_wconf 89' lang='lat' dir='ltr'><strong>confidere</strong></span> <span class='ocrx_word' id='word_1_223' title='bbox 2262 3403 2617 3482; x_wconf 89' lang='lat' dir='ltr'><strong>quamlibet</strong></span> 
     </span>
    </p>
   </div>
   <div class='ocr_carea' id='block_1_3' title="bbox 621 3505 1961 3646">
    <p class='ocr_par' dir='ltr' id='par_1_11' title="bbox 621 3505 1961 3646">
     <span class='ocr_line' id='line_1_32' title="bbox 621 3505 1247 3567; baseline -0.002 -2"><span class='ocrx_word' id='word_1_224' title='bbox 621 3505 886 3567; x_wconf 89' lang='lat' dir='ltr'><strong>ferratis.</strong></span> <span class='ocrx_word' id='word_1_225' title='bbox 1243 3519 1247 3523; x_wconf 82' lang='lat'><em>·</em></span> 
     </span>
     <span class='ocr_line' id='line_1_33' title="bbox 1270 3582 1961 3646; baseline -0.003 0"><span class='ocrx_word' id='word_1_226' title='bbox 1270 3583 1431 3646; x_wconf 81' lang='lat' dir='ltr'><strong>CAP.</strong></span> <span class='ocrx_word' id='word_1_227' title='bbox 1471 3582 1588 3645; x_wconf 89' lang='lat' dir='ltr'><strong>VI.</strong></span> <span class='ocrx_word' id='word_1_228' title='bbox 1677 3583 1961 3645; x_wconf 77' lang='lat' dir='ltr'><strong>ComcrA</strong></span> 
     </span>
    </p>
   </div>
   <div class='ocr_carea' id='block_1_4' title="bbox 707 3705 2609 3786">
    <p class='ocr_par' dir='ltr' id='par_1_12' title="bbox 707 3705 2609 3786">
     <span class='ocr_line' id='line_1_34' title="bbox 707 3705 2609 3786; baseline -0.002 -15"><span class='ocrx_word' id='word_1_229' title='bbox 707 3709 1160 3771; x_wconf 74' lang='lat' dir='ltr'><strong>ComcmnsEM</strong></span> <span class='ocrx_word' id='word_1_230' title='bbox 1185 3705 1584 3767; x_wconf 89' lang='lat' dir='ltr'><strong>Provinciam</strong></span> <span class='ocrx_word' id='word_1_231' title='bbox 1608 3706 1960 3786; x_wconf 88' lang='lat' dir='ltr'><strong>prodigiosi</strong></span> <span class='ocrx_word' id='word_1_232' title='bbox 1987 3706 2279 3767; x_wconf 90' lang='lat' dir='ltr'><strong>homines</strong></span> <span class='ocrx_word' id='word_1_233' title='bbox 2307 3706 2609 3784; x_wconf 85' lang='lat' dir='ltr'><strong>incolunt,</strong></span> 
     </span>
    </p>
   </div>
   <div class='ocr_carea' id='block_1_5' title="bbox 2783 2083 2788 4319">
    <p class='ocr_par' dir='ltr' id='par_1_13' title="bbox 2783 2083 2788 4319">
     <span class='ocr_line' id='line_1_35' title="bbox 2783 2083 2788 4319; baseline 0 0"><span class='ocrx_word' id='word_1_234' title='bbox 2783 2083 2788 4319; x_wconf 95' lang='lat' dir='ltr'><strong> </strong></span> 
     </span>
    </p>
   </div>
  </div>
 </body>
</html>
