<?xml version="1.0" encoding="UTF-8"?>
<!DOCTYPE html PUBLIC "-//W3C//DTD XHTML 1.0 Transitional//EN"
    "http://www.w3.org/TR/xhtml1/DTD/xhtml1-transitional.dtd">
<html xmlns="http://www.w3.org/1999/xhtml" xml:lang="en" lang="en">
 <head>
  <title>
</title>
<meta http-equiv="Content-Type" content="text/html;charset=utf-8" />
  <meta name='ocr-system' content='tesseract 3.04.00' />
  <meta name='ocr-capabilities' content='ocr_page ocr_carea ocr_par ocr_line ocrx_word'/>
</head>
<body>
  <div class='ocr_page' id='page_1' title='image "./mundusalteretit00andegoog_0036.png"; bbox 0 0 2859 4342; ppageno 0'>
   <div class='ocr_carea' id='block_1_1' title="bbox 549 389 2537 475">
    <p class='ocr_par' dir='ltr' id='par_1_1' title="bbox 549 389 2537 475">
     <span class='ocr_line' id='line_1_1' title="bbox 549 389 2537 475; baseline 0.002 -24"><span class='ocrx_word' id='word_1_1' title='bbox 549 392 627 452; x_wconf 86' lang='lat'>16</span> <span class='ocrx_word' id='word_1_2' title='bbox 914 389 1315 453; x_wconf 88' lang='lat' dir='ltr'><strong>MUNDUS</strong></span> <span class='ocrx_word' id='word_1_3' title='bbox 1372 390 1685 453; x_wconf 89' lang='lat' dir='ltr'>ALTER</span> <span class='ocrx_word' id='word_1_4' title='bbox 1748 391 1864 454; x_wconf 81' lang='lat' dir='ltr'>ET</span> <span class='ocrx_word' id='word_1_5' title='bbox 1925 391 2156 455; x_wconf 85' lang='lat' dir='ltr'>IDEM</span> <span class='ocrx_word' id='word_1_6' title='bbox 2330 392 2537 475; x_wconf 59' lang='lat' dir='ltr'>[mat</span> 
     </span>
    </p>
   </div>
   <div class='ocr_carea' id='block_1_2' title="bbox 1072 595 1984 670">
    <p class='ocr_par' dir='ltr' id='par_1_2' title="bbox 1072 595 1984 670">
     <span class='ocr_line' id='line_1_2' title="bbox 1072 595 1984 670; baseline -0.002 0"><span class='ocrx_word' id='word_1_7' title='bbox 1072 603 1234 670; x_wconf 79' lang='lat' dir='ltr'><strong>CAP.</strong></span> <span class='ocrx_word' id='word_1_8' title='bbox 1286 604 1404 669; x_wconf 87' lang='lat' dir='ltr'>IX.</span> <span class='ocrx_word' id='word_1_9' title='bbox 1492 595 1715 669; x_wconf 64' lang='lat' dir='ltr'>Lesas</span> <span class='ocrx_word' id='word_1_10' title='bbox 1763 605 1984 668; x_wconf 64' lang='grc' dir='ltr'>ΗΕΘΜ</span> 
     </span>
    </p>
   </div>
   <div class='ocr_carea' id='block_1_3' title="bbox 372 735 2538 3772">
    <p class='ocr_par' dir='ltr' id='par_1_3' title="bbox 538 735 2538 1108">
     <span class='ocr_line' id='line_1_3' title="bbox 538 735 2536 824; baseline 0 -26"><span class='ocrx_word' id='word_1_11' title='bbox 538 752 541 757; x_wconf 93' lang='grc'><strong><em>·</em></strong></span> <span class='ocrx_word' id='word_1_12' title='bbox 629 735 1189 800; x_wconf 72' lang='lat' dir='ltr'>Pvrnouos-com:</span> <span class='ocrx_word' id='word_1_13' title='bbox 1251 737 1658 817; x_wconf 82' lang='lat' dir='ltr'>praetorium,</span> <span class='ocrx_word' id='word_1_14' title='bbox 1719 736 2005 817; x_wconf 89' lang='lat' dir='ltr'>profecto</span> <span class='ocrx_word' id='word_1_15' title='bbox 2076 738 2536 824; x_wconf 86' lang='lat' dir='ltr'>amplissimum</span> 
     </span>
     <span class='ocr_line' id='line_1_4' title="bbox 544 817 2538 916; baseline -0.001 -20"><span class='ocrx_word' id='word_1_16' title='bbox 544 843 608 896; x_wconf 92' lang='lat' dir='ltr'>et</span> <span class='ocrx_word' id='word_1_17' title='bbox 648 834 945 896; x_wconf 86' lang='lat' dir='ltr'>fenestris</span> <span class='ocrx_word' id='word_1_18' title='bbox 987 817 1273 914; x_wconf 84' lang='lat' dir='ltr'>undique</span> <span class='ocrx_word' id='word_1_19' title='bbox 1314 833 1844 913; x_wconf 88' lang='lat' dir='ltr'>patentissimum,</span> <span class='ocrx_word' id='word_1_20' title='bbox 1893 834 1959 896; x_wconf 94' lang='lat' dir='ltr'>in</span> <span class='ocrx_word' id='word_1_21' title='bbox 2016 833 2155 916; x_wconf 91' lang='lat' dir='ltr'>ipso</span> <span class='ocrx_word' id='word_1_22' title='bbox 2205 834 2538 916; x_wconf 85' lang='lat' dir='ltr'>propylaei</span> 
     </span>
     <span class='ocr_line' id='line_1_5' title="bbox 541 925 2538 1014; baseline 0.002 -23"><span class='ocrx_word' id='word_1_23' title='bbox 541 931 950 1012; x_wconf 86' lang='lat' dir='ltr'>frontispicio,</span> <span class='ocrx_word' id='word_1_24' title='bbox 986 931 1198 994; x_wconf 89' lang='lat' dir='ltr'>aureis</span> <span class='ocrx_word' id='word_1_25' title='bbox 1227 930 1426 993; x_wconf 89' lang='lat' dir='ltr'>literis</span> <span class='ocrx_word' id='word_1_26' title='bbox 1466 925 1736 1012; x_wconf 87' lang='lat' dir='ltr'>scriptas</span> <span class='ocrx_word' id='word_1_27' title='bbox 1774 931 2033 995; x_wconf 81' lang='lat' dir='ltr'><strong>exhibet</strong></span> <span class='ocrx_word' id='word_1_28' title='bbox 2067 953 2286 996; x_wconf 89' lang='lat' dir='ltr'>sacras</span> <span class='ocrx_word' id='word_1_29' title='bbox 2318 933 2538 1014; x_wconf 90' lang='lat' dir='ltr'>legum</span> 
     </span>
     <span class='ocr_line' id='line_1_6' title="bbox 543 1029 1801 1108; baseline -0.001 -14"><span class='ocrx_word' id='word_1_30' title='bbox 543 1032 807 1108; x_wconf 76' lang='lat' dir='ltr'>tabula8‚</span> <span class='ocrx_word' id='word_1_31' title='bbox 839 1029 907 1092; x_wconf 92' lang='lat' dir='ltr'>in</span> <span class='ocrx_word' id='word_1_32' title='bbox 936 1029 1100 1092; x_wconf 89' lang='lat' dir='ltr'>hanc</span> <span class='ocrx_word' id='word_1_33' title='bbox 1129 1029 1262 1092; x_wconf 89' lang='lat' dir='ltr'>fere</span> <span class='ocrx_word' id='word_1_34' title='bbox 1290 1029 1672 1097; x_wconf 87' lang='lat' dir='ltr'>sententiam</span> <span class='ocrx_word' id='word_1_35' title='bbox 1702 1052 1801 1093; x_wconf 87' lang='lat'>:—</span> 
     </span>
    </p>

    <p class='ocr_par' dir='ltr' id='par_1_4' title="bbox 484 1128 1505 1220">
     <span class='ocr_line' id='line_1_7' title="bbox 484 1128 1505 1220; baseline -0.002 -28"><span class='ocrx_word' id='word_1_36' title='bbox 484 1168 516 1220; x_wconf 76' lang='lat'><strong><em>5</em></strong></span> <span class='ocrx_word' id='word_1_37' title='bbox 627 1149 679 1193; x_wconf 89' lang='lat'>1.</span> <span class='ocrx_word' id='word_1_38' title='bbox 730 1128 1076 1192; x_wconf 91' lang='lat' dir='ltr'>Monositia</span> <span class='ocrx_word' id='word_1_39' title='bbox 1104 1129 1314 1192; x_wconf 90' lang='lat' dir='ltr'>scelus</span> <span class='ocrx_word' id='word_1_40' title='bbox 1343 1139 1505 1192; x_wconf 91' lang='lat' dir='ltr'>esto.</span> 
     </span>
    </p>

    <p class='ocr_par' dir='ltr' id='par_1_5' title="bbox 540 1226 2538 1406">
     <span class='ocr_line' id='line_1_8' title="bbox 620 1226 2538 1309; baseline 0 -19"><span class='ocrx_word' id='word_1_41' title='bbox 620 1250 677 1290; x_wconf 88' lang='lat'>2.</span> <span class='ocrx_word' id='word_1_42' title='bbox 725 1228 1018 1309; x_wconf 88' lang='lat' dir='ltr'>Integras</span> <span class='ocrx_word' id='word_1_43' title='bbox 1040 1237 1313 1308; x_wconf 90' lang='lat' dir='ltr'>quatuor</span> <span class='ocrx_word' id='word_1_44' title='bbox 1329 1227 1524 1291; x_wconf 90' lang='lat' dir='ltr'>horas</span> <span class='ocrx_word' id='word_1_45' title='bbox 1546 1227 1835 1309; x_wconf 89' lang='lat' dir='ltr'>quisquis</span> <span class='ocrx_word' id='word_1_46' title='bbox 1855 1248 1892 1291; x_wconf 88' lang='lat' dir='ltr'>a</span> <span class='ocrx_word' id='word_1_47' title='bbox 1913 1226 2139 1293; x_wconf 85' lang='lat' dir='ltr'>somno</span> <span class='ocrx_word' id='word_1_48' title='bbox 2159 1227 2538 1293; x_wconf 88' lang='lat' dir='ltr'>ieiunaverit</span> 
     </span>
     <span class='ocr_line' id='line_1_9' title="bbox 540 1324 2112 1406; baseline 0 -16"><span class='ocrx_word' id='word_1_49' title='bbox 540 1337 606 1390; x_wconf 88' lang='lat' dir='ltr'>et</span> <span class='ocrx_word' id='word_1_50' title='bbox 631 1325 1102 1389; x_wconf 85' lang='lat' dir='ltr'>defraudaverit</span> <span class='ocrx_word' id='word_1_51' title='bbox 1130 1324 1408 1406; x_wconf 87' lang='lat' dir='ltr'>genium,</span> <span class='ocrx_word' id='word_1_52' title='bbox 1441 1325 1541 1387; x_wconf 90' lang='lat' dir='ltr'>bis</span> <span class='ocrx_word' id='word_1_53' title='bbox 1569 1338 1838 1406; x_wconf 86' lang='lat' dir='ltr'>cogatur</span> <span class='ocrx_word' id='word_1_54' title='bbox 1863 1347 2112 1391; x_wconf 86' lang='lat' dir='ltr'>cenare.</span> 
     </span>
    </p>

    <p class='ocr_par' dir='ltr' id='par_1_6' title="bbox 621 1423 2447 1506">
     <span class='ocr_line' id='line_1_10' title="bbox 621 1423 2447 1506; baseline 0.001 -19"><span class='ocrx_word' id='word_1_55' title='bbox 621 1446 680 1506; x_wconf 84' lang='lat'>3.</span> <span class='ocrx_word' id='word_1_56' title='bbox 726 1423 858 1487; x_wconf 90' lang='lat' dir='ltr'>Ore</span> <span class='ocrx_word' id='word_1_57' title='bbox 887 1424 1011 1487; x_wconf 90' lang='lat' dir='ltr'>iam</span> <span class='ocrx_word' id='word_1_58' title='bbox 1037 1425 1247 1505; x_wconf 89' lang='lat' dir='ltr'>plen0‚</span> <span class='ocrx_word' id='word_1_59' title='bbox 1280 1434 1454 1488; x_wconf 90' lang='lat' dir='ltr'>recto</span> <span class='ocrx_word' id='word_1_60' title='bbox 1486 1425 1685 1505; x_wconf 86' lang='lat' dir='ltr'>digito</span> <span class='ocrx_word' id='word_1_61' title='bbox 1717 1427 2132 1506; x_wconf 87' lang='lat' dir='ltr'>respondisse</span> <span class='ocrx_word' id='word_1_62' title='bbox 2162 1438 2260 1490; x_wconf 88' lang='lat' dir='ltr'>sat</span> <span class='ocrx_word' id='word_1_63' title='bbox 2289 1437 2447 1490; x_wconf 89' lang='lat' dir='ltr'>esto.</span> 
     </span>
    </p>

    <p class='ocr_par' dir='ltr' id='par_1_7' title="bbox 620 1522 2537 1606">
     <span class='ocr_line' id='line_1_11' title="bbox 620 1522 2537 1606; baseline -0.001 -20"><span class='ocrx_word' id='word_1_64' title='bbox 620 1544 679 1603; x_wconf 88' lang='lat'>4.</span> <span class='ocrx_word' id='word_1_65' title='bbox 726 1522 971 1586; x_wconf 85' lang='lat' dir='ltr'>Laesae</span> <span class='ocrx_word' id='word_1_66' title='bbox 1000 1523 1346 1585; x_wconf 90' lang='lat' dir='ltr'>maiestatis</span> <span class='ocrx_word' id='word_1_67' title='bbox 1375 1543 1527 1584; x_wconf 90' lang='lat' dir='ltr'>reus</span> <span class='ocrx_word' id='word_1_68' title='bbox 1555 1523 1719 1585; x_wconf 85' lang='lat' dir='ltr'>same</span> <span class='ocrx_word' id='word_1_69' title='bbox 1741 1536 1991 1604; x_wconf 87' lang='lat' dir='ltr'>pereat:</span> <span class='ocrx_word' id='word_1_70' title='bbox 2020 1525 2245 1606; x_wconf 90' lang='lat' dir='ltr'>culpae</span> <span class='ocrx_word' id='word_1_71' title='bbox 2273 1524 2537 1587; x_wconf 89' lang='lat' dir='ltr'>levioris</span> 
     </span>
    </p>

    <p class='ocr_par' dir='ltr' id='par_1_8' title="bbox 454 1621 1114 1690">
     <span class='ocr_line' id='line_1_12' title="bbox 454 1621 1114 1690; baseline -0.002 -6"><span class='ocrx_word' id='word_1_72' title='bbox 454 1652 518 1690; x_wconf 84' lang='lat'>10</span> <span class='ocrx_word' id='word_1_73' title='bbox 541 1623 733 1684; x_wconf 89' lang='lat' dir='ltr'>dente</span> <span class='ocrx_word' id='word_1_74' title='bbox 761 1621 1114 1684; x_wconf 89' lang='lat' dir='ltr'>mulctator.</span> 
     </span>
    </p>

    <p class='ocr_par' dir='ltr' id='par_1_9' title="bbox 538 1718 2536 2097">
     <span class='ocr_line' id='line_1_13' title="bbox 621 1718 2536 1801; baseline 0.001 -20"><span class='ocrx_word' id='word_1_75' title='bbox 621 1738 680 1799; x_wconf 87' lang='lat'>5.</span> <span class='ocrx_word' id='word_1_76' title='bbox 725 1718 1093 1800; x_wconf 90' lang='lat' dir='ltr'>Coquorum</span> <span class='ocrx_word' id='word_1_77' title='bbox 1135 1720 1423 1801; x_wconf 88' lang='lat' dir='ltr'>quisquis</span> <span class='ocrx_word' id='word_1_78' title='bbox 1468 1720 1555 1782; x_wconf 91' lang='lat' dir='ltr'>ita</span> <span class='ocrx_word' id='word_1_79' title='bbox 1597 1721 1762 1783; x_wconf 91' lang='lat' dir='ltr'>male</span> <span class='ocrx_word' id='word_1_80' title='bbox 1805 1725 2165 1785; x_wconf 86' lang='lat' dir='ltr'>tractaverit</span> <span class='ocrx_word' id='word_1_81' title='bbox 2195 1723 2536 1785; x_wconf 89' lang='lat' dir='ltr'>obsonium</span> 
     </span>
     <span class='ocr_line' id='line_1_14' title="bbox 541 1817 2536 1901; baseline 0.002 -24"><span class='ocrx_word' id='word_1_82' title='bbox 541 1827 608 1878; x_wconf 90' lang='lat' dir='ltr'>ut</span> <span class='ocrx_word' id='word_1_83' title='bbox 636 1817 886 1881; x_wconf 90' lang='lat' dir='ltr'>edendo</span> <span class='ocrx_word' id='word_1_84' title='bbox 929 1838 1057 1880; x_wconf 92' lang='lat' dir='ltr'>non</span> <span class='ocrx_word' id='word_1_85' title='bbox 1100 1819 1200 1896; x_wconf 83' lang='lat' dir='ltr'>sit,</span> <span class='ocrx_word' id='word_1_86' title='bbox 1239 1819 1384 1899; x_wconf 93' lang='lat' dir='ltr'>palo</span> <span class='ocrx_word' id='word_1_87' title='bbox 1426 1820 1679 1900; x_wconf 90' lang='lat' dir='ltr'>publico</span> <span class='ocrx_word' id='word_1_88' title='bbox 1741 1821 2108 1901; x_wconf 87' lang='lat' dir='ltr'>suffigatur:</span> <span class='ocrx_word' id='word_1_89' title='bbox 2154 1822 2330 1882; x_wconf 87' lang='lat' dir='ltr'>iuxta</span> <span class='ocrx_word' id='word_1_90' title='bbox 2373 1841 2536 1900; x_wconf 91' lang='lat' dir='ltr'>quae</span> 
     </span>
     <span class='ocr_line' id='line_1_15' title="bbox 538 1917 2534 1997; baseline 0.003 -21"><span class='ocrx_word' id='word_1_91' title='bbox 538 1917 937 1996; x_wconf 89' lang='lat' dir='ltr'>appendatur</span> <span class='ocrx_word' id='word_1_92' title='bbox 1006 1937 1154 1979; x_wconf 92' lang='lat' dir='ltr'>caro</span> <span class='ocrx_word' id='word_1_93' title='bbox 1229 1918 1591 1980; x_wconf 87' lang='lat' dir='ltr'>semicruda</span> <span class='ocrx_word' id='word_1_94' title='bbox 1645 1918 1744 1980; x_wconf 89' lang='lat' dir='ltr'>vel</span> <span class='ocrx_word' id='word_1_95' title='bbox 1817 1919 2269 1997; x_wconf 89' lang='lat' dir='ltr'>semiustulata,</span> <span class='ocrx_word' id='word_1_96' title='bbox 2329 1920 2534 1982; x_wconf 91' lang='lat' dir='ltr'>donec</span> 
     </span>
     <span class='ocr_line' id='line_1_16' title="bbox 539 2015 2447 2097; baseline 0.002 -21"><span class='ocrx_word' id='word_1_97' title='bbox 539 2017 839 2078; x_wconf 88' lang='lat' dir='ltr'>misertus</span> <span class='ocrx_word' id='word_1_98' title='bbox 866 2015 1011 2096; x_wconf 90' lang='lat' dir='ltr'>quis</span> <span class='ocrx_word' id='word_1_99' title='bbox 1039 2015 1366 2078; x_wconf 88' lang='lat' dir='ltr'>famelicus</span> <span class='ocrx_word' id='word_1_100' title='bbox 1394 2027 1821 2097; x_wconf 90' lang='lat' dir='ltr'>spectatorum</span> <span class='ocrx_word' id='word_1_101' title='bbox 1852 2028 2046 2080; x_wconf 89' lang='lat' dir='ltr'>totam</span> <span class='ocrx_word' id='word_1_102' title='bbox 2077 2017 2447 2080; x_wconf 88' lang='lat' dir='ltr'>comederit.</span> 
     </span>
    </p>

    <p class='ocr_par' dir='ltr' id='par_1_10' title="bbox 372 2108 2536 2591">
     <span class='ocr_line' id='line_1_17' title="bbox 372 2108 2535 2196; baseline 0.001 -23"><span class='ocrx_word' id='word_1_103' title='bbox 372 2108 381 2117; x_wconf 74' lang='grc'><em>“</em></span> <span class='ocrx_word' id='word_1_104' title='bbox 456 2135 514 2188; x_wconf 81' lang='lat'>15</span> <span class='ocrx_word' id='word_1_105' title='bbox 620 2117 678 2176; x_wconf 91' lang='lat'>6.</span> <span class='ocrx_word' id='word_1_106' title='bbox 726 2114 1054 2194; x_wconf 83' lang='lat' dir='ltr'>QuisquiS,</span> <span class='ocrx_word' id='word_1_107' title='bbox 1114 2114 1265 2176; x_wconf 90' lang='lat' dir='ltr'>dum</span> <span class='ocrx_word' id='word_1_108' title='bbox 1322 2115 1578 2195; x_wconf 89' lang='lat' dir='ltr'>cingulo</span> <span class='ocrx_word' id='word_1_109' title='bbox 1653 2126 1946 2192; x_wconf 89' lang='lat' dir='ltr'>tentatur,</span> <span class='ocrx_word' id='word_1_110' title='bbox 2024 2116 2316 2196; x_wconf 88' lang='lat' dir='ltr'>spiritum</span> <span class='ocrx_word' id='word_1_111' title='bbox 2390 2135 2535 2177; x_wconf 91' lang='lat' dir='ltr'>con-</span> 
     </span>
     <span class='ocr_line' id='line_1_18' title="bbox 539 2212 2535 2294; baseline -0.001 -19"><span class='ocrx_word' id='word_1_112' title='bbox 539 2213 814 2289; x_wconf 89' lang='lat' dir='ltr'>tinuerit,</span> <span class='ocrx_word' id='word_1_113' title='bbox 848 2212 1143 2274; x_wconf 90' lang='lat' dir='ltr'>inhabilis</span> <span class='ocrx_word' id='word_1_114' title='bbox 1172 2213 1312 2293; x_wconf 90' lang='lat' dir='ltr'>ipso</span> <span class='ocrx_word' id='word_1_115' title='bbox 1342 2212 1506 2274; x_wconf 85' lang='lat' dir='ltr'>facto</span> <span class='ocrx_word' id='word_1_116' title='bbox 1537 2212 1855 2291; x_wconf 87' lang='lat' dir='ltr'>redditor;</span> <span class='ocrx_word' id='word_1_117' title='bbox 1902 2225 1964 2276; x_wconf 91' lang='lat' dir='ltr'>et</span> <span class='ocrx_word' id='word_1_118' title='bbox 1993 2234 2110 2294; x_wconf 90' lang='lat' dir='ltr'>per</span> <span class='ocrx_word' id='word_1_119' title='bbox 2137 2225 2337 2277; x_wconf 90' lang='lat' dir='ltr'>totum</span> <span class='ocrx_word' id='word_1_120' title='bbox 2369 2214 2535 2275; x_wconf 91' lang='lat' dir='ltr'>diem</span> 
     </span>
     <span class='ocr_line' id='line_1_19' title="bbox 538 2310 2536 2392; baseline -0.001 -18"><span class='ocrx_word' id='word_1_121' title='bbox 538 2311 786 2374; x_wconf 90' lang='lat' dir='ltr'>ieiunus</span> <span class='ocrx_word' id='word_1_122' title='bbox 840 2310 1077 2374; x_wconf 85' lang='lat' dir='ltr'>carceri</span> <span class='ocrx_word' id='word_1_123' title='bbox 1130 2310 1484 2389; x_wconf 87' lang='lat' dir='ltr'>damnator,</span> <span class='ocrx_word' id='word_1_124' title='bbox 1537 2312 1626 2374; x_wconf 91' lang='lat' dir='ltr'>ita</span> <span class='ocrx_word' id='word_1_125' title='bbox 1682 2311 1938 2392; x_wconf 90' lang='lat' dir='ltr'>quidem</span> <span class='ocrx_word' id='word_1_126' title='bbox 1997 2313 2403 2389; x_wconf 81' lang='lat' dir='ltr'>cancellatuS,</span> <span class='ocrx_word' id='word_1_127' title='bbox 2464 2321 2536 2373; x_wconf 92' lang='lat' dir='ltr'>ut</span> 
     </span>
     <span class='ocr_line' id='line_1_20' title="bbox 538 2410 2534 2492; baseline -0.001 -19"><span class='ocrx_word' id='word_1_128' title='bbox 538 2412 820 2492; x_wconf 91' lang='lat' dir='ltr'>reliquos</span> <span class='ocrx_word' id='word_1_129' title='bbox 894 2429 1194 2492; x_wconf 85' lang='lat' dir='ltr'>proceres</span> <span class='ocrx_word' id='word_1_130' title='bbox 1267 2410 1472 2490; x_wconf 88' lang='lat' dir='ltr'>possit</span> <span class='ocrx_word' id='word_1_131' title='bbox 1563 2411 1895 2490; x_wconf 90' lang='lat' dir='ltr'>epulantes</span> <span class='ocrx_word' id='word_1_132' title='bbox 1980 2411 2267 2473; x_wconf 90' lang='lat' dir='ltr'>contueri</span> <span class='ocrx_word' id='word_1_133' title='bbox 2340 2411 2534 2492; x_wconf 90' lang='lat' dir='ltr'>(quod</span> 
     </span>
     <span class='ocr_line' id='line_1_21' title="bbox 538 2507 1794 2591; baseline -0.001 -18"><span class='ocrx_word' id='word_1_134' title='bbox 538 2509 919 2591; x_wconf 89' lang='lat' dir='ltr'>supplicium</span> <span class='ocrx_word' id='word_1_135' title='bbox 962 2507 1286 2571; x_wconf 88' lang='lat' dir='ltr'>nonnullis</span> <span class='ocrx_word' id='word_1_136' title='bbox 1327 2508 1444 2570; x_wconf 87' lang='lat' dir='ltr'>fuit</span> <span class='ocrx_word' id='word_1_137' title='bbox 1484 2509 1794 2590; x_wconf 91' lang='lat' dir='ltr'>capitale).</span> 
     </span>
    </p>

    <p class='ocr_par' dir='ltr' id='par_1_11' title="bbox 453 2596 2537 2885">
     <span class='ocr_line' id='line_1_22' title="bbox 453 2596 2534 2697; baseline 0 -29"><span class='ocrx_word' id='word_1_138' title='bbox 453 2633 515 2668; x_wconf 84' lang='lat'>20</span> <span class='ocrx_word' id='word_1_139' title='bbox 624 2627 678 2686; x_wconf 91' lang='lat'>7.</span> <span class='ocrx_word' id='word_1_140' title='bbox 727 2607 1049 2697; x_wconf 83' lang='lat' dir='ltr'>Quantum</span> <span class='ocrx_word' id='word_1_141' title='bbox 1095 2605 1366 2686; x_wconf 89' lang='lat' dir='ltr'>quisque</span> <span class='ocrx_word' id='word_1_142' title='bbox 1408 2605 1778 2685; x_wconf 88' lang='lat' dir='ltr'>comederit,</span> <span class='ocrx_word' id='word_1_143' title='bbox 1809 2596 2257 2671; x_wconf 81' lang='lat' dir='ltr'>commensalis</span> <span class='ocrx_word' id='word_1_144' title='bbox 2300 2607 2534 2670; x_wconf 89' lang='lat' dir='ltr'>hebdo-</span> 
     </span>
     <span class='ocr_line' id='line_1_23' title="bbox 540 2704 2537 2786; baseline -0.001 -19"><span class='ocrx_word' id='word_1_145' title='bbox 540 2706 837 2768; x_wconf 91' lang='lat' dir='ltr'>madatim</span> <span class='ocrx_word' id='word_1_146' title='bbox 867 2706 948 2768; x_wconf 92' lang='lat' dir='ltr'>ad</span> <span class='ocrx_word' id='word_1_147' title='bbox 977 2715 1336 2785; x_wconf 88' lang='lat' dir='ltr'>praetorem</span> <span class='ocrx_word' id='word_1_148' title='bbox 1365 2704 1612 2767; x_wconf 89' lang='lat' dir='ltr'>deserto</span> <span class='ocrx_word' id='word_1_149' title='bbox 1638 2726 1655 2783; x_wconf 76' lang='lat'><em>3</em></span> <span class='ocrx_word' id='word_1_150' title='bbox 1699 2714 1766 2767; x_wconf 92' lang='lat' dir='ltr'>ut</span> <span class='ocrx_word' id='word_1_151' title='bbox 1801 2706 1856 2766; x_wconf 89' lang='lat' dir='ltr'>si</span> <span class='ocrx_word' id='word_1_152' title='bbox 1891 2706 2287 2786; x_wconf 88' lang='lat' dir='ltr'>praescripto</span> <span class='ocrx_word' id='word_1_153' title='bbox 2325 2706 2537 2767; x_wconf 90' lang='lat' dir='ltr'>minus</span> 
     </span>
     <span class='ocr_line' id='line_1_24' title="bbox 538 2803 2027 2885; baseline 0.001 -20"><span class='ocrx_word' id='word_1_154' title='bbox 538 2804 882 2866; x_wconf 90' lang='lat' dir='ltr'>absolverit</span> <span class='ocrx_word' id='word_1_155' title='bbox 909 2823 1167 2885; x_wconf 84' lang='lat' dir='ltr'>poenas,</span> <span class='ocrx_word' id='word_1_156' title='bbox 1204 2803 1436 2883; x_wconf 89' lang='lat' dir='ltr'>quibus</span> <span class='ocrx_word' id='word_1_157' title='bbox 1464 2803 1699 2884; x_wconf 90' lang='lat' dir='ltr'>dignus</span> <span class='ocrx_word' id='word_1_158' title='bbox 1730 2813 1844 2882; x_wconf 90' lang='lat' dir='ltr'>est,</span> <span class='ocrx_word' id='word_1_159' title='bbox 1878 2804 2027 2867; x_wconf 89' lang='lat' dir='ltr'>luat.</span> 
     </span>
    </p>

    <p class='ocr_par' dir='ltr' id='par_1_12' title="bbox 544 2901 2537 3082">
     <span class='ocr_line' id='line_1_25' title="bbox 627 2901 2536 2982; baseline -0.001 -18"><span class='ocrx_word' id='word_1_160' title='bbox 627 2901 922 2964; x_wconf 89' lang='lat' dir='ltr'>Nummis</span> <span class='ocrx_word' id='word_1_161' title='bbox 987 2921 1117 2963; x_wconf 91' lang='lat' dir='ltr'>non</span> <span class='ocrx_word' id='word_1_162' title='bbox 1188 2910 1450 2963; x_wconf 90' lang='lat' dir='ltr'>utuntur</span> <span class='ocrx_word' id='word_1_163' title='bbox 1470 2923 1487 2979; x_wconf 88' lang='lat'>;</span> <span class='ocrx_word' id='word_1_164' title='bbox 1561 2922 1769 2982; x_wconf 87' lang='lat' dir='ltr'>neque</span> <span class='ocrx_word' id='word_1_165' title='bbox 1840 2901 2009 2964; x_wconf 89' lang='lat' dir='ltr'>enim</span> <span class='ocrx_word' id='word_1_166' title='bbox 2076 2902 2234 2965; x_wconf 90' lang='lat' dir='ltr'>tanti</span> <span class='ocrx_word' id='word_1_167' title='bbox 2303 2901 2536 2965; x_wconf 87' lang='lat' dir='ltr'>faciunt</span> 
     </span>
     <span class='ocr_line' id='line_1_26' title="bbox 544 2999 2537 3082; baseline -0.001 -18"><span class='ocrx_word' id='word_1_168' title='bbox 544 3012 791 3064; x_wconf 88' lang='lat' dir='ltr'>mortua</span> <span class='ocrx_word' id='word_1_169' title='bbox 833 3000 990 3063; x_wconf 90' lang='lat' dir='ltr'>haec</span> <span class='ocrx_word' id='word_1_170' title='bbox 1035 3010 1097 3063; x_wconf 92' lang='lat' dir='ltr'>et</span> <span class='ocrx_word' id='word_1_171' title='bbox 1140 2999 1416 3080; x_wconf 89' lang='lat' dir='ltr'>insipida</span> <span class='ocrx_word' id='word_1_172' title='bbox 1457 3001 1709 3063; x_wconf 90' lang='lat' dir='ltr'>metalla</span> <span class='ocrx_word' id='word_1_173' title='bbox 1732 3023 1750 3079; x_wconf 85' lang='lat'>;</span> <span class='ocrx_word' id='word_1_174' title='bbox 1794 3002 1927 3076; x_wconf 85' lang='lat' dir='ltr'>sed,</span> <span class='ocrx_word' id='word_1_175' title='bbox 1973 3002 2142 3081; x_wconf 93' lang='lat' dir='ltr'>quod</span> <span class='ocrx_word' id='word_1_176' title='bbox 2177 3001 2537 3082; x_wconf 83' lang='lat' dir='ltr'>‚antiquitus</span> 
     </span>
    </p>

    <p class='ocr_par' dir='ltr' id='par_1_13' title="bbox 454 3097 2536 3574">
     <span class='ocr_line' id='line_1_27' title="bbox 454 3097 2536 3180; baseline 0 -18"><span class='ocrx_word' id='word_1_177' title='bbox 454 3129 516 3180; x_wconf 83' lang='lat'>25</span> <span class='ocrx_word' id='word_1_178' title='bbox 544 3100 774 3162; x_wconf 88' lang='lat' dir='ltr'>factum</span> <span class='ocrx_word' id='word_1_179' title='bbox 830 3100 1013 3161; x_wconf 90' lang='lat' dir='ltr'>docet</span> <span class='ocrx_word' id='word_1_180' title='bbox 1058 3097 1455 3173; x_wconf 91' lang='lat' dir='ltr'>Aristoteles,</span> <span class='ocrx_word' id='word_1_181' title='bbox 1508 3099 1646 3161; x_wconf 90' lang='lat' dir='ltr'>sola</span> <span class='ocrx_word' id='word_1_182' title='bbox 1691 3100 1994 3162; x_wconf 89' lang='lat' dir='ltr'>mercium</span> <span class='ocrx_word' id='word_1_183' title='bbox 2043 3100 2536 3163; x_wconf 89' lang='lat' dir='ltr'>commutatione</span> 
     </span>
     <span class='ocr_line' id='line_1_28' title="bbox 540 3197 2536 3279; baseline 0.001 -18"><span class='ocrx_word' id='word_1_184' title='bbox 540 3198 940 3262; x_wconf 89' lang='lat' dir='ltr'>venditiones</span> <span class='ocrx_word' id='word_1_185' title='bbox 1011 3197 1494 3278; x_wconf 90' lang='lat' dir='ltr'>emptionesque</span> <span class='ocrx_word' id='word_1_186' title='bbox 1553 3217 1764 3259; x_wconf 89' lang='lat' dir='ltr'>rerum</span> <span class='ocrx_word' id='word_1_187' title='bbox 1822 3209 2153 3279; x_wconf 85' lang='lat' dir='ltr'>peragunt.</span> <span class='ocrx_word' id='word_1_188' title='bbox 2247 3199 2345 3260; x_wconf 91' lang='lat' dir='ltr'>Ita</span> <span class='ocrx_word' id='word_1_189' title='bbox 2407 3200 2536 3262; x_wconf 92' lang='lat' dir='ltr'>duo</span> 
     </span>
     <span class='ocr_line' id='line_1_29' title="bbox 537 3296 2533 3380; baseline -0.001 -19"><span class='ocrx_word' id='word_1_190' title='bbox 537 3317 837 3380; x_wconf 86' lang='lat' dir='ltr'>passeres</span> <span class='ocrx_word' id='word_1_191' title='bbox 891 3307 1136 3374; x_wconf 87' lang='lat' dir='ltr'>sturno,</span> <span class='ocrx_word' id='word_1_192' title='bbox 1180 3296 1385 3358; x_wconf 90' lang='lat' dir='ltr'>sturni</span> <span class='ocrx_word' id='word_1_193' title='bbox 1439 3297 1567 3358; x_wconf 92' lang='lat' dir='ltr'>duo</span> <span class='ocrx_word' id='word_1_194' title='bbox 1620 3296 1827 3372; x_wconf 89' lang='lat' dir='ltr'>turdo,</span> <span class='ocrx_word' id='word_1_195' title='bbox 1873 3297 2001 3358; x_wconf 91' lang='lat' dir='ltr'>duo</span> <span class='ocrx_word' id='word_1_196' title='bbox 2052 3296 2221 3358; x_wconf 90' lang='lat' dir='ltr'>turdi</span> <span class='ocrx_word' id='word_1_197' title='bbox 2277 3297 2533 3377; x_wconf 88' lang='lat' dir='ltr'>gallina,</span> 
     </span>
     <span class='ocr_line' id='line_1_30' title="bbox 538 3395 2536 3482; baseline -0.002 -21"><span class='ocrx_word' id='word_1_198' title='bbox 538 3399 812 3482; x_wconf 86' lang='lat' dir='ltr'>gallinae</span> <span class='ocrx_word' id='word_1_199' title='bbox 865 3399 1030 3460; x_wconf 89' lang='lat' dir='ltr'>duae</span> <span class='ocrx_word' id='word_1_200' title='bbox 1101 3416 1346 3471; x_wconf 87' lang='lat' dir='ltr'>ansere,</span> <span class='ocrx_word' id='word_1_201' title='bbox 1414 3395 1546 3458; x_wconf 92' lang='lat' dir='ltr'>duo</span> <span class='ocrx_word' id='word_1_202' title='bbox 1611 3415 1877 3458; x_wconf 89' lang='lat' dir='ltr'>anseres</span> <span class='ocrx_word' id='word_1_203' title='bbox 1945 3415 2130 3477; x_wconf 80' lang='lat' dir='ltr'>agne,</span> <span class='ocrx_word' id='word_1_204' title='bbox 2189 3397 2320 3459; x_wconf 90' lang='lat' dir='ltr'>duo</span> <span class='ocrx_word' id='word_1_205' title='bbox 2390 3396 2536 3478; x_wconf 88' lang='lat' dir='ltr'>agni</span> 
     </span>
     <span class='ocr_line' id='line_1_31' title="bbox 540 3493 2536 3574; baseline -0.002 -15"><span class='ocrx_word' id='word_1_206' title='bbox 540 3497 757 3572; x_wconf 88' lang='lat' dir='ltr'>vitulo,</span> <span class='ocrx_word' id='word_1_207' title='bbox 832 3495 1014 3559; x_wconf 90' lang='lat' dir='ltr'>vituli</span> <span class='ocrx_word' id='word_1_208' title='bbox 1096 3495 1225 3556; x_wconf 90' lang='lat' dir='ltr'>duo</span> <span class='ocrx_word' id='word_1_209' title='bbox 1306 3513 1518 3574; x_wconf 87' lang='lat' dir='ltr'>capr0,</span> <span class='ocrx_word' id='word_1_210' title='bbox 1598 3493 1771 3574; x_wconf 92' lang='lat' dir='ltr'>capri</span> <span class='ocrx_word' id='word_1_211' title='bbox 1851 3495 1980 3556; x_wconf 90' lang='lat' dir='ltr'>duo</span> <span class='ocrx_word' id='word_1_212' title='bbox 2054 3514 2246 3557; x_wconf 90' lang='lat' dir='ltr'>vacca</span> <span class='ocrx_word' id='word_1_213' title='bbox 2321 3495 2536 3556; x_wconf 89' lang='lat' dir='ltr'>valere</span> 
     </span>
    </p>

    <p class='ocr_par' dir='ltr' id='par_1_14' title="bbox 455 3592 2534 3772">
     <span class='ocr_line' id='line_1_32' title="bbox 455 3592 2534 3676; baseline -0.003 -16"><span class='ocrx_word' id='word_1_214' title='bbox 455 3623 517 3671; x_wconf 81' lang='lat'>30</span> <span class='ocrx_word' id='word_1_215' title='bbox 543 3596 780 3659; x_wconf 86' lang='lat' dir='ltr'>solent:</span> <span class='ocrx_word' id='word_1_216' title='bbox 838 3595 1009 3676; x_wconf 91' lang='lat' dir='ltr'>quod</span> <span class='ocrx_word' id='word_1_217' title='bbox 1054 3604 1116 3656; x_wconf 90' lang='lat' dir='ltr'>et</span> <span class='ocrx_word' id='word_1_218' title='bbox 1158 3592 1225 3654; x_wconf 91' lang='lat' dir='ltr'>in</span> <span class='ocrx_word' id='word_1_219' title='bbox 1267 3592 1553 3653; x_wconf 89' lang='lat' dir='ltr'>oleribus</span> <span class='ocrx_word' id='word_1_220' title='bbox 1593 3592 2003 3673; x_wconf 90' lang='lat' dir='ltr'>piscibusque</span> <span class='ocrx_word' id='word_1_221' title='bbox 2046 3592 2135 3669; x_wconf 89' lang='lat' dir='ltr'>fit,</span> <span class='ocrx_word' id='word_1_222' title='bbox 2173 3603 2340 3656; x_wconf 92' lang='lat' dir='ltr'>stato</span> <span class='ocrx_word' id='word_1_223' title='bbox 2383 3612 2534 3673; x_wconf 89' lang='lat' dir='ltr'>quo-</span> 
     </span>
     <span class='ocr_line' id='line_1_33' title="bbox 544 3689 2533 3772; baseline -0.003 -16"><span class='ocrx_word' id='word_1_224' title='bbox 544 3696 689 3756; x_wconf 93' lang='lat' dir='ltr'>dam</span> <span class='ocrx_word' id='word_1_225' title='bbox 735 3694 975 3772; x_wconf 87' lang='lat' dir='ltr'>pretio:</span> <span class='ocrx_word' id='word_1_226' title='bbox 1036 3711 1265 3771; x_wconf 89' lang='lat' dir='ltr'>nempe</span> <span class='ocrx_word' id='word_1_227' title='bbox 1316 3689 1381 3750; x_wconf 92' lang='lat' dir='ltr'>id</span> <span class='ocrx_word' id='word_1_228' title='bbox 1427 3708 1624 3750; x_wconf 88' lang='lat' dir='ltr'>unum</span> <span class='ocrx_word' id='word_1_229' title='bbox 1676 3701 1897 3753; x_wconf 89' lang='lat' dir='ltr'>curant</span> <span class='ocrx_word' id='word_1_230' title='bbox 1943 3691 2201 3769; x_wconf 81' lang='lat' dir='ltr'>aedileS,</span> <span class='ocrx_word' id='word_1_231' title='bbox 2235 3711 2334 3754; x_wconf 59' lang='lat' dir='ltr'>‘ne</span> <span class='ocrx_word' id='word_1_232' title='bbox 2390 3690 2533 3771; x_wconf 87' lang='lat' dir='ltr'>quis</span> 
     </span>
    </p>
   </div>
  </div>
 </body>
</html>
