2859 4342
558 421 637 483 52
931 401 1332 466 MUNDUS
1389 401 1702 466 ALTER
1765 403 1881 466 ET
1942 403 2174 467 IDEM
2284 403 2438 486 [un.
2476 426 2557 468 111

561 686 720 751 CAP.
772 684 862 748 ΙΙ.
951 684 1318 748 Monomae
1363 703 1635 761 PARTEs,
1685 684 2060 760 Monzsquz
2104 704 2252 751 ‘ro-n
2294 707 2555 752 Porum

1353 801 1715 848 communes

643 961 1046 1024 Mumpmx
1113 957 1366 1039 quidem
1439 969 1537 1021 est
1617 957 1916 1022 Moronia
1992 968 2055 1022 et
2118 958 2546 1023 multiformis.

561 1059 728 1123 Nam
785 1058 866 1124 ad
925 1055 1237 1121 orientem
1279 1054 1565 1123 Variana
1609 1056 1709 1122 vel
1759 1057 2020 1121 Mobilis
2076 1057 2373 1125 Moronia
2424 1059 2556 1122 sita

554 1167 668 1232 est,
749 1156 870 1220 sub
947 1155 1089 1237 ipso
1166 1154 1316 1234 polo
1383 1154 1653 1235 Aspera,
1727 1155 1809 1222 ad
1890 1166 2175 1220 austrum
2250 1156 2555 1221 Moronia

559 1255 756 1332 Felix,
819 1254 986 1317 inter
1040 1262 1375 1332 utramque
1439 1252 1661 1332 Fatua,
1725 1251 1840 1319 Pia
1902 1254 2181 1341 denique
2247 1256 2328 1320 ad
2388 1255 2553 1319 occi-

498 1367 524 1417 5
555 1353 834 1415 dentem.

636 1451 927 1531 Corpore
956 1460 1105 1512 sunt
1134 1449 1440 1530 plerique,
1484 1451 1891 1531 quantumvis
1927 1454 2252 1517 saeviente
2290 1451 2545 1534 frigore,

554 1569 822 1630 procero
852 1557 914 1611 et
944 1549 1159 1624 obeso,
1193 1547 1369 1613 crine
1397 1548 1774 1629 subpallidO,
1809 1550 2013 1630 capite
2039 1570 2318 1637 superne
2340 1562 2542 1629 acuto,

554 1648 738 1710 labiis
766 1646 1291 1728 prominentibuS,
1323 1647 1584 1709 auribus
1614 1648 2052 1715 crassissimis.

639 1747 770 1810 Sed
815 1766 943 1811 non
994 1745 1162 1808 idem
1208 1745 1506 1809 omnibus
1552 1745 1895 1826 ingenium,
1952 1767 2081 1810 non
2132 1766 2361 1825 mores»,
2417 1768 2548 1812 non

468 1868 529 1905 10
555 1846 828 1911 habitus.
900 1844 1149 1907 Notabo
1179 1863 1382 1924 pauca
1408 1863 1575 1926 quae
1606 1842 1671 1905 in
1703 1843 2072 1910 universum
2095 1844 2230 1909 fere
2251 1846 2550 1913 omnibus

555 1954 920 2025 competere
948 1942 1102 2005 mihi
1133 1942 1290 2008 visa.

633 2043 921 2109 Advenis
966 2041 1465 2123 quibuscunque,
1513 2041 1654 2103 sine
1697 2041 1828 2107 ullo
1863 2041 2250 2121 discrimine,
2298 2046 2547 2125 copiam

555 2142 790 2208 faciunt
851 2141 929 2223 (si
997 2141 1314 2220 Asperam
1406 2138 1771 2203 Moroniam
1848 2142 2202 2221 exceperis)
2289 2161 2549 2207 suarum

555 2242 823 2317 urbium,
896 2240 1161 2314 aedium,
1233 2258 1514 2302 mensae.
1601 2237 1728 2303 Adi
1800 2258 2165 2320 quenquam
2238 2240 2550 2319 istorum;

470 2363 529 2415 ¹5
555 2340 763 2415 saluta
801 2337 1197 2413 submissius,
1242 2355 1372 2401 non
1412 2336 1553 2400 sine
1595 2335 1934 2417 turgidulis
1978 2336 2195 2414 titulis,
2233 2338 2552 2420 planeque

560 2436 977 2518 Hispanicis,·
1043 2435 1233 2498 lauda
1259 2434 1363 2499 vel
1404 2434 1647 2512 faciem,
1683 2433 1785 2498 vel
1827 2444 2091 2512 vestem,
2123 2436 2225 2502 vel
2269 2455 2548 2514 manum,

553 2536 654 2600 vel
699 2535 977 2612 domum,
1022 2543 1085 2597 et
1131 2532 1429 2615 quicquid
1476 2530 1710 2599 dixerit
1755 2532 2144 2612 astipulare:
2204 2534 2553 2615 hospitium

556 2643 779 2697 nactus
818 2653 890 2697 es
925 2631 1227 2714 quamdiu
1270 2631 1468 2708 voleS,
1504 2630 1569 2694 in
1614 2650 1741 2711 quo
1784 2630 1943 2693 nihil
1987 2630 2097 2691 tibi
2132 2630 2338 2694 deerit
2377 2635 2553 2712 quod

557 2732 757 2812 possit
803 2730 1053 2812 uspiam
1096 2730 1467 2810 comparari.
1561 2727 1803 2793 Gratiis
1846 2738 1909 2789 et
1951 2727 2204 2790 blandis
2253 2728 2555 2809 pollicita·

470 2830 837 2893 notionibus
867 2829 1283 2892 hic·veneunt
1312 2827 1544 2893 omnia.

645 2928 861 2991 Media
917 2927 1127 2993 hieme
1187 2936 1411 3007 aperto
1481 2926 1785 2989 incedunt
1849 2935 2107 3005 pectore
2174 2935 2237 2989 et
2305 2925 2555 3007 reliquo

556 3045 828 3107 corpore
862 3024 1089 3087 leviter
1124 3024 1352 3089 amicto
1378 3035 1461 3089 .ut
1497 3045 1575 3087 eo
1614 3021 1862 3087 facilius
1903 3022 2095 3085 intret
2130 3022 2321 3100 calor,
2354 3022 2558 3103 frigus

557 3135 778 3203 exeat3
839 3133 1081 3189 aestate
1140 3133 1351 3188 autem
1409 3122 1684 3187 induunt
1734 3119 2113 3191 endromida
2155 3130 2219 3184 et
2272 3120 2556 3202 superin-

557 3227 759 3289 duunt
799 3223 1063 3307 pallium
1094 3231 1157 3289 et
1185 3216 1339 3303 quot
1370 3221 1608 3284 habent
1637 3228 1866 3295 vestes,
1901 3237 1983 3280 ne
2027 3238 2153 3299 qua
2188 3217 2349 3283 sorte
2382 3218 2561 3282 calor

466 3339 527 3390 25
557 3325 793 3391 intrare
812 3321 1070 3405 possit:
1116 3338 1482 3401 quanquam
1511 3329 1574 3383 et
1614 3318 1735 3394 alii,
1771 3316 1973 3397 magis
2002 3315 2387 3399 philosophi,
2411 3336 2560 3381 con.

557 3432 798 3503 tempta
824 3419 1052 3483 hiemis
1083 3418 1475 3498 intemperie,
1508 3417 1661 3480 nudi
1692 3415 1826 3479 sere
1853 3414 2218 3496 prodeunt3
2263 3415 2382 3481 hac
2412 3414 2561 3481 freti

560 3522 828 3598 ratione,
886 3518 1083 3599 quod,
1142 3536 1286 3585 cum
1344 3526 1558 3580 cetera
1613 3513 1911 3580 animalia
1967 3511 2103 3576 suis
2158 3512 2393 3593 plumis
2449 3523 2562 3577 aut

559 3619 737 3683 corio
786 3628 1084 3683 contenta
1123 3614 1269 3691 sint,
1315 3624 1501 3699 turpe
1551 3615 1633 3677 sit
1679 3613 1815 3694 regi
1865 3610 2257 3695 reliquorum
2316 3610 2562 3675 homini

560 3717 831 3782 aliorum
861 3713 1314 3795 integumentis
1342 3712 1649 3792 indigere.
