2859 4342
305 440 450 483 cAP.
483 419 580 503 V1]
610 418 619 431 “
1082 419 1522 482 MORONIA
2214 425 2294 500 67

307 589 370 640 et
408 579 739 655 excelsior,
774 576 1066 657 hospitiis
1109 577 1445 653 destinata,
1478 597 1641 657 quae
1685 578 1764 639 ad
1806 578 2056 639 lumbos
2094 597 2298 657 usque

306 677 668 757 porrigitur.

392 776 599 837 Crura
646 785 710 837 et
759 776 959 861 pedes
1010 776 1174 837 duos
1225 774 1304 836 ad
1356 774 1629 837 mediam
1679 775 1908 836 vallem
1958 783 2300 855 protensos
2355 782 2358 785 ‘

305 875 500 936 baiuli
529 875 881 937 sortiuntur
910 894 983 936 ac
1010 873 1303 935 viatores,

386 972 700 1034 Aedificia
741 970 861 1033 sibi
904 979 1157 1032 struunt
1200 968 1639 1031 excelsissima
1683 979 2035 1047 senatoreS‚
2065 980 2133 1032 ut
2173 984 2356 1050 quo'5

309 1071 558 1132 caelum
608 1068 874 1150 propius
925 1067 1249 1148 attigerint
1297 1087 1374 1129 eo
1419 1066 1625 1147 magis
1668 1066 2056 1130 incalescant
2101 1078 2163 1130 et
2207 1069 2293 1130 in·

306 1168 601 1231 seriorem
632 1169 796 1229 hanc
825 1177 1031 1228 terrae
1061 1165 1353 1245 aerisque
1384 1165 1853 1228 inclementiam
1885 1166 2210 1248 effugiant.

662 1402 857 1464 SEcT.
901 1421 960 1479 4.
1049 1397 1364 1485 SENArus
1412 1396 1951 1460 PAzzlv1LLANus

390 1575 504 1637 ΜΕ
539 1573 667 1635 illic
703 1580 932 1652 agente
966 1569 1303 1632 consilium
1338 1579 1648 1651 ceperunt
1686 1581 2035 1649 senatoreS‚
2070 1575 2304 1654 quibus

304 1673 705 1755 potissimum
735 1668 943 1731 modis
972 1668 1053 1730 ad
1078 1667 1254 1729 urbis
1286 1667 1674 1748 dignitatem,
1700 1670 1800 1731 vel
1832 1672 2297 1751 amoenitatem,

303 1773 406 1835 vel
437 1770 714 1851 denique
744 1766 1172 1843 securitatem,
1203 1765 1342 1828 fieri
1371 1777 1591 1846 posset
1621 1769 1922 1831 accessio,
2330 1808 2390 1844 10

383 1869 572 1932 Alius
644 1865 817 1929 aliud
892 1862 1092 1926 suasit
1163 1883 1281 1944 pro
1346 1883 1465 1926 sua
1532 1864 1801 1945 quisque
1876 1865 2173 1931 facultate
2239 1878 2304 1933 et

304 1965 660 2051 prudentia.

391 2065 644 2127 Primus
684 2062 940 2144 quidem
970 2081 1145 2123 mare
1186 2060 1336 2122 illuc
1364 2080 1482 2140 per
1510 2061 1706 2123 multa
1736 2062 2030 2126 milliaria
2058 2084 2303 2145 perque

304 2165 551 2226 medios
600 2171 866 2238 montes,
916 2158 1147 2221 civium
1196 2158 1527 2235 industria,
1577 2159 2063 2239 deducendum;
2122 2146 2303 2225 cuius

303 2261 708 2343 proximitate
752 2259 944 2321 urbes
996 2257 1154 2319 alias
1203 2257 1431 2317 mirum
1477 2257 1540 2318 in
1588 2259 1847 2320 modurn
1890 2260 2122 2324 ditatas
2164 2262 2302 2342 ipse
2332 2292 2390 2343 15

304 2359 879 2423 animadvertisset.

384 2459 569 2521 Alius
641 2467 856 2520 monte
924 2475 1092 2519 novo
1164 2456 1489 2537 aliquanto
1560 2456 1783 2520 altiore
1848 2458 2015 2540 cingi
2078 2459 2301 2522 urbem

306 2556 545 2620 mavult
574 2556 806 2617 civium
835 2554 1129 2616 manibus
1158 2574 1194 2615 e
1227 2553 1596 2616 subiacente
1625 2555 1789 2618 valle
1818 2558 2122 2620 eruendo,

394 2655 698 2736 Exsurgit
750 2653 954 2716 alius:
1011 2652 1067 2716 si
1111 2651 1407 2714 benevoli
1460 2653 1633 2716 cives
1682 2654 1806 2715 sibi
1858 2654 2156 2718 monitori
2201 2678 2300 2719 au·

307 2755 583 2818 scultare
627 2754 880 2829 vellent,
929 2751 992 2813 id
1033 2749 1156 2813 sibi
1201 2750 1394 2831 longe
1438 2751 1746 2841 optimum
1790 2752 1998 2816 videri
2041 2764 2109 2816 ut
2153 2775 2300 2818 una·
2330 2788 2392 2821 20

306 2873 595 2934 quaeque
625 2852 873 2928 domus,
907 2869 1026 2931 pro
1055 2848 1223 2913 mole
1262 2868 1394 2926 sua,
1429 2849 1823 2929 pyramidem
1853 2851 1977 2913 sibi
2013 2851 2300 2916 altiorem

306 2953 619 3031 erigeret;
663 2950 845 3011 cuius
873 2948 1034 3028 apici
1063 2967 1312 3010 summo
1342 2947 1555 3028 gallus
1584 2969 1826 3011 aeneus
1858 2960 2303 3031 argenteusve,

305 3067 499 3113 aurea
530 3047 722 3111 crista
750 3046 1039 3127 insignis,
1068 3045 1292 3126 quavis
1321 3067 1478 3109 aura
1503 3047 1842 3126 versatilis,
1864 3049 2206 3113 insideret:
2236 3050 2300 3113 in

306 3166 686 3228 unaquaque
728 3144 1060 3227 pyramide
1102 3143 1504 3225 horologium
1548 3146 1982 3224 collocaretur,
2030 3147 2301 3233 singulis
2477 3226 2481 3231 ⁵

305 3245 655 3326 horologiis
715 3242 1094 3324 campanula
1148 3243 1620 3323 adiungeretur.
1710 3243 1848 3307 Nec
1904 3245 2027 3307 dici
2082 3267 2290 3328 posse,
2326 3273 2388 3324 ²5

306 3364 496 3427 quam
540 3343 804 3422 elegans
846 3362 920 3404 ac
963 3341 1308 3403 iucundum
1350 3330 1792 3422 spectaculum
1830 3354 1957 3407 tam
2000 3344 2301 3425 frequens

306 3443 704 3506 excelsarum
736 3440 1141 3522 pyramidum
1176 3440 1379 3503 series
1415 3440 1909 3504 adventantibus
1945 3441 2302 3523 peregrinis

305 3541 630 3604 videretur
649 3561 668 3618 ς
725 3558 1044 3621 quamque
1085 3557 1202 3619 per
1235 3539 1428 3603 horas
1468 3559 1687 3602 aurem
1731 3541 2087 3605 delenitura
2128 3552 2301 3605 esset

304 3649 398 3702 tot
424 3638 996 3702 tintinnabulorum
1025 3638 1258 3719 iugiter
1285 3638 1647 3701 sonantium
1678 3639 2028 3702 harmonia.

385 3737 825 3801 Acclamatum
884 3747 982 3800 est
1053 3757 1183 3799 uno
1247 3737 1463 3799 statim
1533 3756 1645 3799 ore
1715 3748 1844 3800 tam
1906 3738 2293 3816 commodae,
2329 3763 2394 3813 30

1255 3853 1293 3896 ιτ
1314 3854 1355 3897 2
