2859 4342
577 396 664 473 64
952 396 1353 462 MUNDUs
1409 399 1723 462 ALTER
1783 376 1899 463 Er
1961 401 2191 464 IDEM
2305 400 2463 485 [Lm.
2497 422 2578 465 111

1052 590 1211 687 CA-P.
1252 625 1369 691 VI.
1462 626 1786 689 Mononm
1836 626 2071 693 FA‘ruA

665 764 899 828 NULLA
934 766 1267 829 Moroniae
1294 787 1445 848 pars
1472 778 1598 829 tam
1633 767 1889 848 antiqua
1918 770 2018 830 vel
2055 779 2198 830 tam·
2221 788 2580 831 numerosa

576 874 673 926 est
730 885 920 944 quam
965 864 1122 926 haec
1171 884 1336 944 quae
1399 864 1599 927 Fatua
1653 866 1849 946 vulgo
1906 877 2324 950 nuncupatur,
2387 867 2580 928 cuius

576 959 818 1023 incolae
846 961 1211 1043 aborigines
1249 983 1321 1024 se
1358 963 1669 1026 Moronos
1698 964 2045 1027 venditant.
2139 963 2324 1027 Haec
2352 964 2579 1044 itaque

575 1079 703 1121 non
747 1058 931 1122 aliter
972 1059 1303 1140 regionum
1353 1070 1556 1141 mater
1600 1060 1776 1122 audit
1820 1080 2008 1140 quam
2046 1061 2301 1133 *urbium
2355 1061 2578 1124 Pazzi-

450 1164 459 1173 “
518 1157 758 1234 5villa;
808 1177 882 1219 ac
924 1157 1195 1238 proinde
1240 1158 1303 1219 in
1350 1158 1581 1234 medi0,
1631 1158 1810 1238 quasi
1858 1169 1986 1220 tam
2034 1159 2230 1240 lepidi
2277 1160 2579 1242 corporis

574 1246 928 1333 umbilicus,
948 1256 1153 1318 locum
1175 1256 1383 1320 habet.
1449 1254 1614 1318 Nam
1634 1256 1714 1318 ab
1735 1266 1955 1318 austro
1972 1256 2224 1337 Aspera
2247 1255 2571 1334 Moronia,

572 1354 653 1416 ab
703 1355 950 1417 oriente
1004 1354 1280 1431 Mobilis,
1335 1356 1416 1416 ab
1464 1354 1793 1416 occidente
1849 1354 1978 1431 Pia,
2033 1374 2071 1417 a
2128 1355 2578 1437 septentrione

579 1450 777 1529 Felix,
808 1453 972 1516 hanc
1002 1452 1273 1515 mediam
1305 1452 1502 1534 cingit
1530 1471 2061 1533 quaquaversum.

665 1551 818 1615 Pars
862 1550 1201 1614 australior
1232 1550 1522 1613 Scioccia
1566 1550 1772 1630 magis
1815 1549 2046 1631 ignava
2075 1561 2173 1613 est
2212 1572 2286 1614 ac
2315 1551 2573 1632 pituito-

490 1670 549 1707 ιο
574 1669 684 1713 sa:
740 1649 862 1725 illa,
915 1668 1078 1730 quae
1124 1649 1487 1729 aquilonem
1541 1648 1813 1728 respicit,
1870 1647 2066 1711 rnulto
2118 1659 2184 1712 et
2230 1651 2583 1729 operosior

573 1758 635 1810 et
666 1768 879 1811 rerum
908 1750 1300 1830 agendarum
1329 1748 1610 1828 peritior.

656 1846 744 1909 Ni
772 1847 952 1910 testis
989 1849 1277 1909 oculatus
1311 1847 1573 1910 fuissem
1612 1866 1860 1910 morum
1896 1846 2334 1929 factorumque
2371 1849 2572 1930 stupi-

573 1946 873 2010 dissimae
913 1946 1139 2027 gentiS,
1173 1965 1301 2008 non
1339 1945 1755 2009 credidissem
1801 1946 2061 2009 hercule
2103 1955 2395 2009 naturam
2432 1957 2570 2009 tarn

572 2045 775 2108 brutis
803 2028 1201 2107 animalculis
1231 2043 1560 2121 rationem,
1581 2043 2048 2107 divinissimum
2076 2063 2325 2121 munus,
2359 2044 2569 2107 indul-

486 2161 544 2210 15
572 2142 754 2206 sisse.
843 2142 1087 2205 Omnes
1129 2140 1299 2204 enim
1341 2141 1450 2203 illa
1492 2141 1559 2204 in
1606 2151 1788 2222 parte
1839 2162 2002 2223 quae
2050 2140 2566 2206 Maninconicam

577 2241 937 2303 Moroniam
967 2240 1216 2320 attingit
1258 2258 1437 2302 more
1477 2240 1958 2321 quadrupedum
1998 2239 2303 2302 incedunt
2335 2240 2522 2318 proni
2543 2262 2566 2318 3

569 2359 705 2417 nec,
753 2359 918 2425 quae
960 2337 1087 2402 illis
1130 2337 1289 2401 mira
1329 2337 1718 2417 simplicitas,
1763 2337 1935 2400 aliud
1977 2337 2566 2419 genus-ingressus

569 2447 1024 2520 cognoverunt.

656 2535 786 2598 Hic
834 2556 917 2600 ne
972 2536 1357 2617 tuguriolum
1413 2536 1671 2617 quidem
1721 2535 1920 2598 ullum
1977 2555 2241 2598 cernes:
2306 2534 2556 2615 partim,

482 2651 548 2687 20
571 2636 743 2716 quod
777 2634 900 2717 ipsi
936 2635 1351 2697 domunculas
1385 2635 1506 2697 sibi
1544 2654 1771 2716 parare
1804 2633 2110 2710 nesciunt,
2146 2633 2372 2714 partim
2402 2652 2560 2694 vero

571 2734 743 2814 quod
772 2734 854 2797 ab
874 2733 1001 2797 alio
1031 2743 1302 2796 structas
1324 2732 1574 2813 ingredi
1598 2751 1728 2794 non
1758 2732 1994 2794 audent
2024 2751 2104 2795 ne
2136 2730 2281 2794 tecti
2312 2730 2560 2793 ruentis

570 2833 739 2895 mole
766 2830 1264 2913 supprimantur.

655 2928 841 2991 Multi
916 2928 1019 2991 hic
1074 2930 1415 3009 quotannis
1475 2949 1631 3009 prae
1700 2949 1874 2991 rnera
1936 2928 2148 2991 inedia
2200 2947 2273 2989 ac
2321 2927 2560 3008 frigore

570 3028 928 3090 moriuntur
947 3048 965 3105 3
1007 3028 1242 3108 quippe
1281 3028 1390 3107 qui
1429 3048 1547 3089 nec
1587 3027 1794 3088 cibum
1833 3046 2124 3109 coquere,
2159 3045 2275 3088 nec
2313 3036 2558 3088 vestem

483 3150 544 3201 ²5
572 3126 992 3204 concinnare,
1045 3146 1161 3188 nec
1219 3135 1511 3187 sternere
1575 3126 1824 3201 lectum,
1883 3125 2076 3186 immo
2135 3143 2217 3186 ne
2274 3144 2557 3205 congrue

571 3224 828 3304 quidem
884 3224 1098 3306 eloqui
1166 3222 1396 3288 norint.
1489 3221 1697 3286 Nemo
1753 3233 2082 3303 parentem
2127 3242 2314 3284 suum
2377 3225 2558 3286 novit

570 3332 678 3385 aut
705 3321 902 3384 filium
931 3332 1039 3384 aut
1080 3340 1346 3385 uxorem
1367 3343 1387 3399 ς
1438 3339 1628 3383 nemo
1657 3319 1968 3383 redeundi
1998 3320 2164 3382 viam
2207 3340 2333 3401 qua
2376 3319 2557 3399 prius

574 3439 871 3500 egressus
899 3430 1020 3498 est,
1051 3439 1239 3482 nemo
1282 3439 1503 3481 ursum
1541 3420 1624 3481 ab
1660 3439 1802 3497 ove,
1833 3421 2085 3483 leonem
2123 3438 2161 3481 a
2198 3418 2425 3480 catello
2467 3418 2559 3479 di·

574 3518 857 3598 stinguit.
954 3517 1159 3579 Immo
1229 3528 1379 3580 sunt
1444 3517 1553 3597 qui
1611 3516 1907 3598 ignorant
1962 3537 2088 3598 qua
2140 3516 2397 3579 tandem
2453 3516 2560 3578 via

482 3642 549 3695 30
581 3615 790 3678 cibum
818 3615 940 3678 sibi
968 3626 1261 3695 paratum
1316 3614 1644 3678 stomacho
1696 3614 2004 3696 ingerant,
2053 3633 2170 3695 per
2226 3632 2416 3675 nares
2470 3633 2557 3676 an

573 3733 691 3796 per
728 3732 916 3776 aures
952 3723 1058 3775 aut
1088 3713 1140 3776 si
1171 3713 1342 3794 quod
1373 3711 1545 3775 aliud
1577 3712 1786 3774 minus
1815 3725 2030 3793 aptum
2059 3712 2359 3775 foramen.
