2859 4342
286 419 434 462 cAP.
466 398 564 480 vl]
1070 399 1512 464 MORONIA
2202 405 2282 481 65

938 630 1129 695 SEcT.
1175 651 1233 694 2.
1327 630 1640 694 BAVERiA

374 766 555 828 PARS
600 765 859 845 reliqua,
898 762 1188 840 Baveria,
1217 761 1611 842 ingeniosior
1649 773 1760 840 est,
1795 763 2173 845 digniorque
2214 775 2275 826 et

287 864 544 927 viatoris
571 862 845 944 pedibus
875 871 937 924 et
966 861 1167 923 oculis
1196 859 1508 922 fastidiosi
1541 861 1816 924 lectoris.

370 961 651 1044 Populus
687 960 856 1021 enim
882 958 1347 1040 'sagacissimus
1383 958 1505 1020 sibi
1535 959 1711 1022 visus
1742 980 1955 1023 rerum
1995 962 2278 1024 omnium

284 1080 510 1139 causas
551 1059 844 1121 subtilius
890 1058 1241 1138 indagatur,
1282 1076 1399 1119 nec
1445 1057 1568 1118 nisi
1612 1058 1802 1120 altius
1844 1059 2054 1140 petitis
2099 1061 2276 1123 ratio-

286 1178 437 1221 num
466 1158 803 1220 momentis
835 1156 1195 1236 acquiescit.
2312 1181 2340 1231 5

366 1257 469 1320 Ab
497 1255 897 1318 incunabulis
936 1254 1254 1317 monoculi
1295 1265 1443 1316 sunt
1484 1275 1744 1318 omnes:
1789 1256 2026 1336 quippe
2064 1257 2278 1320 statim

285 1378 324 1420 a
377 1364 560 1436 partu
619 1354 838 1416 oculus
894 1354 1056 1415 alter
1107 1353 1281 1416 velut
1335 1354 1702 1433 superfluus
1760 1355 2040 1434 eruitur;
2102 1357 2276 1437 quod

285 1456 498 1518 clausa
534 1468 792 1534 semper
829 1452 1028 1514 altera
1068 1451 1515 1531 palpebrarum
1557 1462 1621 1515 et
1664 1445 2025 1517 distinctius
2065 1475 2280 1518 cerna-

286 1573 427 1615 mus
456 1563 520 1616 et
547 1551 874 1615 intentius,

372 1653 529 1714 Pars
579 1652 752 1714 nuda
802 1649 1037 1712 incedit
1087 1659 1154 1711 ut
1206 1649 1512 1712 induendi
1565 1660 1628 1712 et
1676 1650 1955 1714 exuendi
2013 1654 2277 1732 parcant
2309 1677 2369 1713 ιο

284 1751 485 1813 labori
541 1750 730 1812 simul
788 1758 851 1811 et
906 1747 1192 1828 tempori.
1303 1748 1461 1810 Pars
1518 1758 1682 1810 tecta
1739 1748 1862 1810 sibi
1911 1761 2109 1830 parat,
2162 1752 2276 1812 sed

285 1850 525 1930 absque
568 1858 752 1930 septo
792 1848 895 1910 vel
937 1847 1196 1927 pariete,
1242 1856 1310 1908 ut
1352 1848 1547 1908 aedes
1591 1867 1668 1909 eo
1711 1847 1915 1928 magis
1960 1849 2086 1909 sint
2143 1869 2278 1929 per-

284 1947 622 2028 spirabiles
690 1967 763 2008 ac
827 1947 1097 2026 proinde
1164 1944 1575 2008 salubriores,
1685 1945 1842 2007 Pars
1906 1946 2092 2009 nidos
2158 1946 2277 2008 sibi

284 2056 538 2108 struunt
614 2043 1002 2107 avicularum
1073 2052 1271 2105 more‘
1328 2043 1695 2121 altissimos,
1767 2053 1834 2105 ut
1904 2045 2082 2106 caelo
2153 2046 2278 2107 sint

284 2144 641 2206 viciniores
2307 2169 2365 2219 15

369 2241 612 2304 Omnes
656 2252 719 2303 et
760 2241 1131 2320 opinionum
1168 2252 1228 2303 et
1272 2261 1536 2322 operum
1578 2240 2074 2321 singularitatem
2118 2243 2275 2305 mire

282 2350 620 2403 sectantur.

371 2438 625 2500 Horum
655 2437 929 2517 quidam,
964 2457 1183 2498 auram
1214 2448 1540 2517 captantes
1576 2439 1968 2517 popularem,
2002 2439 2107 2501 vix
2137 2459 2276 2519 pro·

284 2536 448 2599 fecto
478 2537 796 2599 credenda
825 2536 1186 2597 moliuntur.
1273 2534 1437 2597 Nam
1462 2537 1773 2616 quosdam
1795 2536 2040 2598 videbis
2071 2539 2274 2616 capite

283 2637 654 2697 incedentes
686 2654 759 2695 ac
789 2633 1065 2696 brachiis
1089 2656 1107 2712 ς
1150 2634 1310 2695 alios
1334 2635 1453 2696 alis
1482 2634 1842 2714 plumisque
1866 2655 2011 2696 cera
2040 2635 2272 2699 iunctis
2301 2663 2364 2697 20

283 2735 626 2795 instructos
675 2732 897 2793 audaci
949 2732 1163 2793 volatu
1217 2733 1401 2794 alites
1457 2732 1785 2794 Daedaleo
1837 2753 2014 2795 more
2073 2734 2271 2796 imita-

282 2843 500 2909 turos3
558 2831 719 2893 alios
775 2829 1063 2910 prodigia
1114 2839 1376 2892 naturae
1428 2832 1708 2915 artisque
1759 2832 1959 2893 hianti
2016 2834 2271 2913 popello

279 2928 625 3012 gloriosius
692 2939 1127 3005 ostentantes;
1195 2929 1356 2990 alios
1407 2931 1685 3010 denique
1736 2939 1869 2992 arte
1941 2932 2047 3010 pol
2110 2932 2272 2993 bene

282 3030 556 3109 lucrosa,
607 3048 643 3090 e
723 3027 1032 3089 vilissimo
1109 3028 1505 3089 metallorum
1591 3049 1815 3090 aurum
1889 3031 2274 3108 educentes;

280 3126 526 3190 rideres
559 3127 841 3206 profecto
870 3128 1099 3188 horum
1130 3146 1467 3206 operosam
1497 3126 1844 3203 stultitiam,
1874 3146 2051 3206 spem
2084 3127 2271 3189 toties
2300 3158 2360 3206 ²5

279 3226 541 3302 elusam,
575 3225 762 3287 toties
792 3225 1304 3309 redintegratam.

366 3323 464 3385 Ex
504 3323 642 3385 istis
675 3324 984 3405 quosdam
1022 3322 1212 3384 audio
1253 3324 1491 3385 adiisse
1531 3325 1779 3403 pridem
1816 3325 2156 3400 oraculum,
2183 3326 2272 3386 de
2362 3336 2368 3361 ³

278 3434 408 3486 tam
431 3421 624 3484 dubio
646 3422 994 3483 difficillimi
1018 3422 1254 3502 negotii
1279 3432 1507 3483 eventu
1532 3423 1961 3484 sciscitaturos
1983 3445 2001 3500 3
2044 3423 2275 3503 quibus

278 3519 450 3582 illico
474 3519 759 3600 Pythius,
784 3523 800 3551 ⁴
823 3519 1219 3582 Travaillez.’
1290 3518 1642 3581 Discedunt
1672 3520 1862 3581 alacri
1893 3521 2105 3583 animo
2128 3541 2272 3583 con·
2345 3522 2364 3533 '

279 3619 556 3681 sultores
605 3618 852 3699 sibique
912 3619 1036 3680 iam
1087 3619 1389 3680 annuisse
1442 3619 1630 3681 deum
1681 3619 2071 3699 gloriantur;
2134 3639 2271 3700 per·
2297 3642 2358 3690 30

278 3717 564 3796 duntque
622 3717 848 3779 iterum
905 3737 979 3778 ac
1038 3718 1251 3778 denuo
1309 3717 1640 3797 repetitam
1698 3737 1956 3796 operam
2008 3729 2069 3779 et
2126 3739 2268 3780 cum

1266 3833 1302 3875 r
