2859 4342
289 424 433 473 CAP.
465 409 540 493 v]
1044 409 1527 474 LAVERNIA
1710 445 1716 450 -
2199 371 2280 490 89

290 586 452 645 quos
492 566 755 647 porcina
784 566 941 630 facie
987 564 1362 629 Munsterus
1401 588 1474 630 ac
1509 566 2025 633 Mandevillanus
2067 567 2281 649 depin-

289 675 540 728 xerunt.
628 663 1137 746 Quadrupedum
1187 685 1366 727 more
1417 686 1621 746 prona
1667 687 1924 747 semper
1978 667 2137 729 facie
2193 668 2280 731 in·

289 764 545 843 cedunt,
606 784 688 825 ne
755 764 908 844 quid
979 763 1148 827 inter
1209 765 1487 827 eundum
1552 752 1954 846 surreptione
2017 766 2281 846 dignum

289 862 810 942 praetermittant,
900 883 1110 944 neque
1202 865 1447 926 caelum
1534 884 1815 944 unquam
1906 864 2279 944 suspiciunt.
2319 866 2322 869 ’

274 959 488 1034 -Quod
532 961 611 1022 ad
655 979 892 1038 vocem,
927 960 1279 1041 grunniunt
1317 961 1407 1023 illi
1443 962 1718 1042 quidem,
1752 983 1883 1025 non
1913 963 2277 1042 loquuntur.
2306 994 2334 1044 5

297 1059 474 1120 Nulli
511 1059 634 1137 hie,
666 1071 1109 1140 praeterquam
1150 1060 1428 1137 senibus,
1468 1060 1903 1123 commorandi
1947 1062 2122 1123 locus
2163 1071 2277 1124 est.

298 1156 552 1219 Florem
612 1158 836 1220 aetatis
897 1159 1125 1239 cuique
1181 1160 1282 1220 vel
1342 1158 1523 1221 Silva
1582 1158 1854 1237 Butinia,
1909 1158 1965 1221 si
2021 1159 2281 1222 fortiore

292 1256 502 1317 animo
561 1256 659 1334 sit,
712 1257 829 1333 vel,
885 1257 940 1318 si
998 1258 1306 1341 studioSO,
1358 1257 1777 1338 Gymnasium
1831 1257 2281 1320 Bolsecianum
2337 1332 2339 1336 μ

295 1355 537 1417 deterit.
628 1353 719 1417 Hi
761 1355 895 1418 sere
938 1363 1213 1435 semper,
1243 1357 1414 1436 quod
1456 1356 1540 1418 de
1583 1356 1734 1436 lupo
1778 1355 2008 1418 dicitur
2049 1376 2283 1437 pugna·

293 1463 437 1514 turo
503 1473 575 1522 ac
637 1454 827 1534 vulpe
888 1446 1194 1527 famelica,
1255 1465 1427 1516 terra
1482 1463 1844 1531 vescuntur,
1918 1474 2281 1536 quanquam
2311 1484 2370 1519 10

294 1562 441 1612 sunt
470 1551 634 1613 inter
662 1552 783 1613 hos
827 1552 933 1632 qui
973 1553 1112 1614 solo
1140 1552 1377 1614 metalli
1414 1552 1643 1614 intuitu
1672 1552 1895 1614 vivunt
1924 1554 2281 1633 valentque.

299 1650 643 1730 Nunquam
684 1670 891 1730 paene
932 1651 1255 1712 dormiunt
1276 1673 1295 1728 ;
1337 1651 1496 1713 illud
1537 1672 1733 1713 unum
1778 1651 1916 1713 istis
1960 1652 2283 1715 leoninum

294 1758 408 1810 est.
513 1748 970 1828 Superstitiose
1052 1750 1395 1821 admodum
1470 1749 1715 1810 numini
1787 1770 1924 1826 su0,
1996 1751 2118 1812 hoc
2187 1760 2286 1812 est

296 1846 572 1927 Chrysio
627 1846 767 1909 Deo
818 1847 1215 1925 addicuntur,
1272 1867 1391 1909 nec
1449 1867 1729 1933 unquam
1787 1858 1896 1908 aut
1951 1848 2286 1928 quiescunt

295 1956 402 2007 aut
432 1945 837 2007 discumbunt
866 1947 1071 2008 donec
1101 1947 1309 2027 ipsum
1339 1946 1616 2027 viderint
1647 1957 1709 2008 et
1741 1947 2082 2010 adorarint.
2315 1972 2375 2024 15

380 2042 624 2105 Urbem
680 2045 782 2105 hic
833 2044 965 2106 vidi
1013 2044 1408 2122 Scrofiolam,
1463 2044 1736 2123 maxime
1785 2044 2051 2122 foedam,
2098 2065 2287 2126 quam

294 2152 508 2203 tamen
553 2143 827 2204 lustrare
871 2143 1110 2205 volenti
1160 2143 1313 2204 mihi
1363 2162 1494 2204 non
1544 2143 1738 2206 licuit.
1828 2143 2288 2224 Unusquisque

296 2236 525 2304 civium
566 2240 809 2303 clavem
849 2261 1064 2302 secum
1105 2252 1313 2322 gestat
1350 2262 1434 2303 ne
1485 2242 1628 2322 quis
1670 2242 2050 2323 peregrinus
2088 2242 2291 2324 ingre·

294 2340 518 2402 diatur.

380 2438 642 2519 Reliqui
693 2458 940 2516 omneS,
986 2459 1107 2519 per
1150 2439 1357 2503 Villas
1413 2439 1766 2520 Porciglias
1812 2438 2107 2520 dispersi,
2158 2458 2290 2501 non
2319 2466 2379 2501 20

295 2548 424 2600 tam
453 2536 619 2600 casis
650 2558 840 2618 quam
871 2537 1185 2600 cubilibus
1214 2539 1495 2602 contenti
1525 2549 1694 2602 sunt.

368 2711 502 2768 Hos
539 2729 651 2784 ego
691 2711 982 2781 homineS,
1011 2712 1122 2768 hos
1161 2729 1378 2780 moreS‚
1413 2712 1523 2767 has
1559 2712 1738 2767 urbes
1767 2710 1893 2767 'vidi
1930 2710 2128 2785 stupui
2166 2712 2288 2783 risi,
2326 2706 2328 2708 ’

295 2818 571 2872 annoque
599 2801 839 2857 demum
869 2799 1168 2855 tricesimo
1202 2799 1428 2856 itineris
1463 2798 1610 2855 tanti
1644 2798 1943 2855 laboribus
1975 2798 2193 2855 fractus
2227 2800 2287 2856 in

295 2888 542 2959 patriam
569 2888 717 2943 redii
1571 2884 1580 2892 ’

691 3051 1076 3128 Peregrinus
1108 3050 1418 3132 quondam
1445 3050 1511 3112 A
1518 3049 1877 3114 cademz'cuS.
2315 3073 2341 3110 2
2348 3073 2377 3125 5
