2859 4342
273 420 418 465 ω».
452 401 548 485 ιν]
1044 402 1489 467 MoRomA
2153 390 2253 470 Δ(εἰ

273 559 495 623 leones
553 559 899 639 asinosque
949 558 1436 622 transformasse
1487 560 1729 637 dicitur,
1784 562 1869 624 ita
1924 572 2134 627 tamen
2193 574 2262 626 ut

273 657 615 721 humanam
646 655 774 719 illis
801 666 864 721 et
893 675 1115 719 vocem
1144 667 1208 720 et
1237 656 1456 720 faciem
1486 661 1892 725 concesserit.

431 881 592 947 CAP.
624 880 707 944 V.
793 880 1107 957 Oneum,
1154 898 1375 945 Avrr-:R
1424 880 1749 951 DucAws
1790 884 2108 950 ASPERAE

1073 977 1443 1044 MonomAz

352 1157 600 1219 V1c1NA
660 1146 912 1236 Orgilia
968 1167 1104 1231 est;
1175 1156 1596 1232 terraarida,
1659 1177 1947 1243 arenosa,
2007 1159 2258 1235 sterilis,

272 1276 437 1337 quae
483 1264 740 1336 gentem
792 1254 1087 1335 producit
1140 1253 1529 1332 iracundam,
1582 1255 1901 1332 furiosam,
1958 1257 2262 1339 rabidam,

273 1365 513 1418 statura
576 1354 809 1417 ceteris
871 1352 1200 1429 minorem,
1261 1353 1499 1436 pallida
1564 1346 1740 1430 facie,
1802 1353 1979 1416 crine
2049 1356 2262 1433 rubr0,
2291 1389 2319 1441 5

271 1454 471 1517 oculis
530 1451 1039 1529 scintillantibus,
1100 1461 1412 1514 tremente
1470 1451 1655 1528 labio,
1716 1452 1959 1515 incerto
2017 1472 2260 1533 gressu,

271 1552 386 1614 sed
416 1551 794 1633 plerumque
824 1550 1158 1614 concitato.

354 1648 526 1714 Huic
543 1659 798 1731 praeest
827 1653 842 1682 ⁴
859 1646 1009 1711 Dux
1032 1649 1113 1711 de
1133 1646 1520 1723 Courroux,’
1548 1658 1965 1730 tyrannorum
1984 1649 2265 1712 omnium

271 1760 334 1813 et
363 1750 696 1828 exemplar
714 1758 778 1811 et
802 1746 1245 1830 Coryphaeus,
1314 1746 1650 1811 Mirabitur
1674 1767 1790 1812 nec
1821 1748 2039 1811 credet
2067 1749 2267 1812 lector

271 1847 568 1922 narranti,
629 1845 782 1927 quid
839 1846 946 1908 ille
1003 1845 1230 1920 iubeat,
1292 1845 1443 1926 quid
1496 1855 1658 1925 agat,
1712 1866 2032 1927 quamque
2075 1846 2263 1927 impe·
2293 1874 2356 1911 10

270 1958 453 2011 tuose
502 1964 658 2009 suos
700 1945 952 2026 plectat.
1042 1943 1335 2008 Celebris
1382 1943 1488 2007 ille
1532 1945 1863 2024 quondam·
1904 1938 2262 2010 Russorum

270 2057 582 2128 tyrannus
617 2043 786 2106 mitis
813 2043 1009 2106 homo
1039 2063 1112 2106 ac
1144 2034 1517 2106 mansuetus
1545 2063 1700 2124 prae
1731 2042 1854 2108 isto
1884 2043 2038 2105 mihi
2067 2044 2260 2121 visus,
2301 2104 2318 2121 ,

270 2154 335 2206 et
362 2144 470 2224 qui
499 2143 847 2225 primorum
871 2141 1240 2220 Caesarum,
1269 2139 1461 2204 immo
1490 2150 1553 2205 et
1596 2140 1989 2231 Patagonum
2017 2143 2265 2207 cruoris

268 2240 766 2306 sitientissimus.

350 2340 528 2418 Quin
556 2350 619 2403 et
647 2339 787 2403 istic
817 2339 1034 2404 forsan
1063 2338 1397 2402 haesitabit
1437 2339 1808 2402 incredulus
1844 2359 2055 2402 rerum
2093 2340 2262 2403 inda·
2292 2360 2354 2412 15

268 2449 468 2520 gator,
514 2438 884 2518 explorator
924 2428 1276 2515 terrarum,
1335 2457 1560 2517 neque,
1611 2456 1752 2500 cum
1798 2437 1957 2499 caeli
2006 2437 2265 2517 ingenio

199 2576 213 2587 ·
269 2535 520 2601 soleant
561 2534 913 2600 incolarum
953 2554 1167 2599 mores
1204 2535 1606 2612 conformari,
1641 2535 1764 2597 sibi
1805 2535 1972 2597 sinet
2012 2554 2264 2616 persua·

270 2636 409 2699 deri
449 2636 776 2716 regionem
811 2634 976 2697 hanc
1010 2635 1314 2715 polarem,
1347 2653 1467 2715 pro
1512 2633 1634 2696 loci
1671 2633 1795 2697 situ
1837 2632 2266 2697 intensissime

270 2734 583 2815 frigidam,
608 2744 734 2796 tam
754 2732 996 2795 calidae
1017 2752 1091 2795 ac
1111 2732 1466 2794 cholericae
1484 2731 1686 2812 prolis
1704 2742 1968 2794 matrem
1988 2751 2265 2813 unquam

271 2832 610 2896 exstitisse.
699 2831 785 2894 At
843 2831 1137 2893 novimus
1188 2840 1285 2893 sat
1335 2831 1499 2892 bene
1547 2829 1931 2910 philosophi,
1982 2850 2060 2893 eo
2110 2831 2263 2893 veri·
2296 2845 2358 2881 ²0

270 2930 539 2995 similius
596 2930 719 2992 hoc
777 2949 858 2991 ex
915 2928 1321 3008 oppositione
1377 2948 1573 3009 posse
1629 2927 1785 3005 fieri,
1838 2949 1967 3009 quo
2022 2929 2267 2993 caelum

272 3027 599 3109 frigidius:
673 3047 879 3107 neque
951 3026 1105 3088 illud
1178 3026 1512 3106 quisquam
1570 3038 1826 3107 stupere
1880 3028 2111 3109 poterit
2160 3029 2301 3108 qui.

273 3118 519 3190 noverit
560 3125 858 3202 Africam,
906 3125 1241 3206 regionum
1285 3124 1790 3202 torridissimam,
1839 3126 2267 3206 gelidissimas

269 3235 608 3306 serpentes
634 3244 963 3306 generare.

359 3322 566 3386 Nemo
600 3323 825 3385 horum
862 3322 1073 3403 prodit
1113 3341 1387 3403 unquam
1433 3341 1561 3385 non
1593 3332 1861 3386 onustus
1902 3323 2132 3389 armis:
2176 3333 2259 3400 ut,
2295 3348 2317 3382 π
2330 3346 2357 3396 5

270 3422 383 3499 cui
400 3420 600 3484 vestis
636 3439 863 3500 parum
895 3420 1167 3483 fortasse
1207 3430 1519 3501 suppetat,
1554 3421 1797 3482 nullum
1827 3431 2042 3483 tamen
2070 3441 2268 3484 arma·

271 3531 451 3582 turae
504 3538 714 3600 genus
762 3518 947 3584 desit.
1038 3518 1219 3583 Idem
1270 3519 1478 3594 hom0,
1533 3540 1662 3583 non
1705 3520 2037 3595 maximus,
2086 3520 2269 3600 quasi

271 3617 697 3680 conductitius
758 3616 986 3680 Martis
1056 3617 1326 3694 baiulus,
1388 3618 1617 3680 dextro
1678 3619 1937 3698 quidem
2003 3618 2271 3683 humero

271 3716 713 3793 bombardam,
758 3714 1019 3778 sinistro
1062 3715 1309 3793 fustem,
1356 3736 1439 3779 ex
1483 3715 1682 3779 altero
1726 3715 1921 3780 latere
1963 3717 2262 3798 gladium,
