2859 4342
291 453 434 497 CAP.
468 433 570 514 1x]
1058 433 1529 495 CRAPULIA
2208 454 2280 512 17

290 601 397 655 aut
441 592 642 653 malas
699 611 943 653 merces
1002 592 1297 653 obtrudat
1355 592 1621 678 emptori
1694 604 1801 654 aut
1865 592 2081 654 debito
2136 592 2281 669 plus

291 690 521 770 exigat.

807 862 967 925 CAP.
1016 863 1099 925 X.
1192 863 1476 925 RELloto
1525 863 1771 925 Porum

370 995 590 1056 IOVEM
636 995 899 1056 horrent
943 995 1131 1074 quod,
1179 994 1286 1056 illo
1331 1004 1608 1071 tonante,
1645 995 1860 1055 vinum
1905 1006 2175 1073 acescat,
2217 1005 2281 1058 et

287 1092 456 1172 quod
486 1092 687 1155 imbre
719 1082 1164 1172 intempestivo
1194 1093 1408 1172 fruges
1439 1092 1723 1154 suffocet.

369 1190 673 1271 Tempori
727 1192 887 1267 Deo,
934 1202 1002 1252 ut
1047 1212 1257 1252 rerum
1310 1190 1590 1252 omniurn
1646 1192 2040 1269 edacissimo,
2087 1193 2280 1255 aedes
2311 1208 2337 1257 5

288 1289 410 1351 illic
439 1290 569 1352 vidi
599 1302 873 1353 structas
902 1291 1241 1371 eleganter,
1277 1291 1341 1353 in
1373 1292 1603 1371 quibus
1636 1291 1969 1368 Saturnus,
2005 1292 2278 1353 filiorum

287 1408 545 1452 suorum
578 1390 877 1467 tumulus,
910 1401 1043 1451 arte
1077 1390 1235 1452 mira
1265 1391 1563 1452 caelatur.
1751 1462 1756 1466 ⁶

369 1488 569 1550 Sacra
597 1488 833 1550 faciunt
861 1488 1073 1551 Genio
1108 1489 1280 1566 Loci,
1316 1489 1495 1550 cuius
1538 1489 1669 1551 fere
1699 1489 1898 1551 solius
1928 1501 2282 1570 agnoscunt

287 1607 563 1665 numen,
623 1587 730 1667 qui
790 1587 991 1649 forma
1035 1587 1290 1649 maximi
1335 1588 1858 1667 voracissimique
1910 1588 2076 1649 alitis
2124 1591 2280 1665 (Rue

286 1685 610 1765 appellant
665 1685 935 1764 incolae)
992 1686 1402 1765 conspicuum
1476 1706 1548 1747 se
1604 1686 1862 1765 praebet
1919 1687 2275 1765 quotannis,
2311 1709 2369 1743 ιο

288 1795 775 1865 exspectaturus
825 1805 1085 1846 suorum
1129 1796 1296 1846 vota.
1388 1784 1560 1845 Huic
1600 1783 1688 1844 illi
1735 1785 1964 1845 crudas
2005 1784 2280 1847 offerunt

285 1884 710 1958 hecatombaS,
756 1884 878 1945 hoc
919 1884 1112 1944 modo
1136 1906 1234 1944 :—

367 1982 572 2045 Vasta
599 1982 899 2063 planities
932 1981 1246 2060 Lecanica
1289 1992 1403 2055 est,
1438 1984 1518 2043 ab
1560 1981 1820 2043 australi
1841 1991 2029 2061 -parte
2060 1982 2278 2043 monti·

285 2083 405 2142 bus
463 2082 745 2162 undique
800 2081 1260 2142 circumcincta.
1351 2079 1500 2141 Huc
1558 2080 1893 2141 convolant
1951 2090 2123 2141 certo
2174 2081 2277 2142 die

284 2179 531 2242 incolae
574 2180 655 2241 ad
699 2199 893 2261 unum
938 2199 1178 2253 omnes,
1213 2180 1838 2259 ducuntquesecum
1882 2178 2275 2239 innumeram
2311 2193 2368 2242 Ῑ5

284 2278 410 2340 vim
439 2278 646 2341 omnis
685 2278 944 2359 generis
985 2297 1304 2358 pecorum,
1339 2277 1784 2344 iumentorum.
1815 2276 2053 2338 alitum.
2142 2276 2278 2336 Ele-

285 2376 579 2457 phantos,
639 2376 1093 2451 rhinoceroteS,
1171 2376 1465 2451 cameIOS,
1528 2396 1691 2455 quos
1761 2375 1826 2435 in
1886 2364 2054 2436 hunc
2112 2374 2278 2435 diem

284 2476 596 2556 saginant,
629 2478 827 2538 boves
862 2474 1363 2555 procerissimOS,
1398 2494 1610 2554 apros,
1644 2494 1815 2547 oves,
1851 2492 2091 2552 capras,
2127 2473 2276 2551 quin

287 2586 351 2637 et
379 2595 549 2652 aveS,
581 2584 892 2655 quotquot
929 2583 1095 2648 sunt,
1127 2574 1334 2634 nudas
1368 2583 1559 2652 atque
1589 2572 1935 2652 deplumeS,
1970 2571 2277 2651 quasique

286 2672 618 2735 includunt
674 2673 740 2733 in
798 2671 1318 2752 spatiosissimam
1381 2671 1543 2731 hanc
1600 2690 1877 2732 caveam.
1973 2668 2104 2749 Ipsi
2163 2688 2278 2748 per
2308 2684 2370 2719 20

285 2771 594 2833 montium
626 2772 844 2857 latera,
877 2770 1049 2831 velut
1079 2768 1308 2830 theatri
1339 2768 1606 2829 alicuius
1635 2768 1877 2848 gradus
1906 2767 2133 2828 ordine
2155 2767 2277 2827 dis·

285 2868 493 2948 positi,
528 2869 715 2931 flexis
743 2869 1014 2948 genibus
1046 2876 1416 2947 exspectant
1445 2867 1545 2928 sui
1576 2865 1855 2926 numinis
1886 2866 2247 2926 adventum.

369 2967 679 3043 Tandem,
714 2965 953 3046 ingenti
983 2965 1284 3044 clangore
1315 2985 1387 3027 ac
1429 2964 1876 3026 confusissimo
1920 2963 2186 3042 strepitu
2221 2972 2282 3023 et

287 3085 503 3141 ronc0,
529 3065 722 3146 longe
745 3063 1103 3144 conspicias
1125 3083 1373 3124 sacrum
1398 3062 1625 3138 alitem,
1651 3064 1897 3123 adunco
1921 3071 2150 3135 rostro,
2178 3061 2279 3122 fal·

285 3164 444 3225 catis
471 3165 808 3243 unguibus,
843 3163 1046 3224 oculis
1075 3161 1475 3238 micantibuS,
1506 3161 1663 3222 mira
1700 3171 1951 3222 caterva
1992 3160 2279 3240 harpyia·
2308 3187 2365 3236 25

285 3282 447 3339 rum,
481 3281 832 3338 corvorum,
867 3261 1208 3337 vulturum,
1240 3259 1606 3339 accipitrum
1644 3257 1925 3338 undique
1960 3258 2276 3337 stipatum.

283 3360 608 3422 Advolant
658 3359 982 3422 horrendo
1033 3358 1326 3434 stridore,
1380 3367 1444 3418 et
1495 3357 1616 3417 iam
1668 3357 1747 3417 ad
1800 3356 1999 3418 instar
2043 3357 2280 3418 densae

285 3460 477 3521 nubis
504 3459 735 3522 vallem
779 3459 1210 3521 subiacentem
1254 3477 1524 3518 numero
1563 3466 1625 3517 et
1668 3475 2017 3535 pennarum
2057 3456 2281 3516 umbra

285 3569 525 3639 tegunt,
560 3559 888 3638 solemque
920 3568 982 3619 et
1010 3556 1253 3619 caelum
1284 3555 1589 3616 adimunt.
1667 3553 1799 3614 Ter
1827 3554 2281 3615 circumvolant

285 3657 634 3739 planitiem,
667 3657 819 3718 dum
862 3655 1110 3717 incolae
1155 3653 1529 3729 exclamant,
1576 3662 1931 3732 precantur,
1983 3663 2356 3730 tremuntfflo

284 3755 701 3834 gratulantur.
2312 3764 2324 3790 ⁴

1268 3870 1305 3913 c
