2859 4342
1008 1184 1013 1189 p
1080 1096 1525 1164 YVRONIA

511 1255 911 1323 ALTERA
969 1258 1523 1324 CRAPULIAE
1586 1261 2112 1327 PRowNCIA

839 1435 1002 1499 CAP.
1055 1436 1105 1499 Ι.
1197 1436 1533 1498 INGENmM
1586 1435 1850 1499 Porum,

395 1607 766 1689 YvkomAM
814 1610 1168 1690 aggredior,
1233 1611 1412 1672 cuius
1470 1629 1657 1671 nemo
1716 1621 2072 1673 accuratam
2119 1632 2156 1673 a
2201 1632 2300 1674 me

311 1707 802 1789 descriptionem
821 1718 1147 1788 exspectet
1170 1729 1185 1784 ;
1230 1729 1441 1788 neque
1465 1709 1634 1770 enim
1658 1727 1855 1769 ausus
1878 1728 2018 1770 sum
2051 1710 2302 1771 illorum

312 1807 505 1868 urbes
557 1807 848 1884 invisere,
899 1807 1103 1869 donec
1161 1807 1286 1869 iam
1336 1807 1913 1884 obtenebresceret,
1977 1828 2118 1869 cum
2178 1808 2300 1869 iam

312 1905 484 1967 cives
512 1925 741 1967 somno
769 1905 1045 1986 vinoque
1075 1916 1292 1968 essent
1321 1904 1570 1985 sepulti.

394 2003 569 2079 Quid
638 2005 972 2066 metuerim
1031 2004 1184 2065 mihi
1243 2024 1434 2084 rogas
1455 2025 1472 2080 ;
1535 2023 1743 2084 neque
1808 2003 1931 2066 hoc
2004 2003 2302 2067 invidebo
2333 2020 2361 2070 5

311 2103 573 2180 lectori;
622 2103 1291 2185 Burgomagistrorum
1336 2103 1707 2184 largitatem,
1745 2102 1975 2184 quibus
2019 2103 2083 2165 in
2127 2124 2304 2167 more

312 2213 410 2264 est
476 2204 892 2266 adventantes
965 2223 1253 2284 quosque
1323 2201 1612 2283 hospites
1680 2202 1897 2265 nescio
1961 2213 2115 2283 quot
2173 2201 2303 2265 vini

312 2301 558 2380 congiis
616 2301 932 2382 excipere,
993 2301 1465 2382 adventumque
1532 2301 1656 2362 illis
1714 2301 2303 2364 munificentissime

311 2399 631 2479 gratulari,
677 2399 951 2481 publicis
995 2400 1303 2479 impensis
1327 2419 1420 2462 ac
1471 2399 1731 2480 nomine
1767 2399 2083 2463 civitatis:
2140 2421 2303 2481 quos

311 2498 568 2561 ebibant
597 2498 717 2579 ipsi
749 2519 974 2560 omnes
996 2517 1264 2560 necesse
1296 2512 1411 2574 est,
1438 2497 1505 2559 ni
1534 2497 1782 2578 ingrati,
1806 2508 1884 2574 et,
1920 2499 2089 2578 quod
2119 2499 2304 2578 peius
2332 2520 2394 2558 10

311 2607 425 2673 est,
458 2596 845 2677 reipublicae
874 2596 1096 2659 hostes
1126 2596 1348 2659 haberi
1377 2596 1616 2659 malint.

398 2695 606 2776 Regio
663 2705 760 2757 est
816 2694 1138 2775 aliquanto
1193 2694 1396 2756 maior
1452 2694 1943 2774 Pamphagonia,
2003 2704 2304 2777 tantoque

311 2793 835 2873 intemperantior
857 2803 1093 2873 quanto
1118 2792 1226 2854 illa
1249 2792 1629 2874 opulentior.
1696 2792 2060 2856 Latitudine
2078 2805 2304 2857 utram·

311 2913 437 2974 que
465 2892 872 2955 Germaniam
901 2892 1001 2971 vel
1031 2892 1363 2972 adaequat,
1394 2892 1499 2953 vel
1528 2911 1686 2954 sane
1715 2902 1993 2972 superat.

397 2989 592 3052 Nulla
635 2991 815 3071 regio
856 3001 954 3052 est
997 2991 1103 3051 ubi
1147 2989 1248 3051 vel
1290 2988 1551 3050 uberius
1588 2990 1965 3070 proveniant
2004 3012 2165 3054 uvae
2199 2991 2301 3054 vel
2333 3018 2391 3070 15

310 3088 555 3151 felicius
579 3109 596 3165 3
654 3088 816 3150 adeo
847 3098 931 3165 ut,
965 3108 1126 3169 quae
1156 3087 1425 3167 singulis
1458 3085 1812 3169 Europaeis
1839 3090 2137 3168 gentibus
2165 3111 2305 3171 pro·

309 3187 484 3267 priae
528 3198 693 3264 sunt,
730 3186 1113 3249 Germaniae
1157 3187 1434 3250 albiores
1478 3197 1540 3248 et
1580 3187 2008 3266 tenuissimae,
2056 3188 2304 3251 Galliae

311 3276 697 3348 rubicundae
754 3285 1071 3366 pauloque
1117 3285 1428 3361 fortiores,
1497 3284 1853 3366 Hispaniae
1908 3287 2123 3350 colore
2176 3308 2303 3351 me-

312 3384 669 3461 dioxumae,
716 3384 947 3446 virtute
988 3384 1543 3464 generosissimae,
1587 3404 1811 3447 omnes
1856 3384 1995 3447 istic
2050 3385 2305 3448 abunde

309 3492 617 3545 crescant.
1863 3546 1867 3550 .
2327 3480 2393 3541 '20

393 3582 735 3662 Temperie
765 3581 1224 3662 aliquantulum
1257 3603 1294 3643 a
1329 3581 1891 3662 Pamphagonibus
1913 3583 2301 3664 discrepant:

313 3680 402 3740 illi
448 3680 655 3741 calido
697 3691 759 3741 et
802 3681 974 3741 sicco
1018 3681 1413 3742 delectantur
1454 3682 1830 3760 plurimum;
1889 3682 1954 3743 hi
1998 3683 2201 3744 calido
2241 3695 2302 3745 et
