2859 4342
301 446 447 494 cAP.
475 426 579 512 vl]
1066 431 1497 498 YVRONIA
2209 452 2292 515 35

383 584 543 646 ‘Illa
584 584 907 648 Glacialis'
931 585 1151 649 Insula
1191 568 1594 651 nominatur:
1653 608 1780 668 quo
1824 588 2131 664 BacchuS,
2165 587 2289 649 iam

299 682 618 759 imberbis,
667 694 735 747 ut
803 684 1001 747 iratae
1056 705 1369 748 novercae
1431 686 1844 766 supercilium
1915 687 2179 766 fugeret,
2254 706 2293 748 a

299 791 479 861 patre
555 782 876 861 relegatus
953 793 1089 861 est3
1166 803 1355 864 quem
1421 805 1566 847 cum
1657 784 2066 847 inhumanius
2109 793 2289 847 *trac-

301 891 564 958 tassent,
635 882 1018 962 tandemque
1075 881 1138 944 vi
1207 893 1272 946 et
1339 883 1532 945 armis
1598 884 1967 963 abegissent
2024 883 2287 958 incolae,

302 977 501 1041 iratus
556 989 738 1058 pater
792 991 1025 1043 terram
1075 980 1259 1042 iussit
1313 990 1622 1061 perpetua
1679 981 1956 1044 niveae
2011 980 2292 1044 tenebris
2346 994 2375 1042 5

302 1077 580 1159 operiri.'

389 1177 558 1240 ‘Sed
609 1177 782 1239 unde
831 1176 1040 1239 fumus
1090 1177 1211 1253 ille,
1269 1197 1459 1258 quem
1508 1198 1548 1239 a
1598 1178 1953 1259 longinquo
2002 1177 2295 1241 videmus

303 1297 339 1337 e
368 1274 602 1336 montis
631 1274 837 1337 nivosi
866 1274 1194 1337 cacumine
1225 1286 1664 1356 erumpentem
1683 1277 1716 1338 ’ἓ
1734 1275 1752 1302 ’

390 1370 662 1448 ‘Mons,’
729 1372 947 1452 inquit,
1015 1371 1248 1435 ‘Sacer
1317 1373 1630 1455 Dionysii,
1703 1373 1766 1435 in
1838 1373 2018 1436 cuius
2088 1374 2294 1455 igneis

303 1470 655 1534 visceribus
715 1470 959 1550 expiari
1027 1471 1235 1533 serunt
1304 1471 1558 1533 illorum
1618 1472 1879 1548 animas,
1940 1472 2047 1553 qui
2104 1472 2292 1534 nimis
2327 1490 2384 1523 ¹0

302 1569 517 1631 sobrie
584 1578 1140 1648 temperanterque
1196 1569 1487 1645 vixerint,
1549 1579 1655 1631 aut
1712 1570 1802 1631 illi
1859 1590 2084 1635 manus
2140 1571 2291 1632 olim

304 1665 618 1728 violentas
661 1665 1008 1729 intulerint.
1099 1666 1226 1728 Hic
1272 1667 1511 1729 scilicet
1553 1688 1795 1747 poenas
1824 1668 1978 1729 dant
2008 1667 2291 1729 infelices

305 1765 584 1841 umbrae,
630 1764 1015 1845 assidueque
1072 1765 1448 1840 cruciantur,
1498 1765 1701 1827 donec
1745 1766 1890 1845 quis
1947 1765 2287 1828 am‘1corum

306 1862 715 1942 superstitum
760 1861 1085 1943 Capellam
1128 1862 1482 1924 Ardentem
1511 1862 1815 1938 inviserit,
1851 1872 1915 1924 et
1954 1862 2143 1942 ignea
2184 1862 2291 1924 illa

305 1980 468 2040 aqua
494 1960 559 2022 in
589 1962 899 2023 tumulum
930 1961 1149 2037 effusa,
1185 1981 1405 2023 manes
1435 1960 1835 2023 liberaverit.'
2323 1972 2380 2024 15

386 2058 640 2122 Subrisi
684 2078 823 2140 ego,
873 2059 998 2121 iam
1044 2059 1197 2121 mihi
1240 2059 1417 2121 visus
1468 2058 1880 2121 cantatissimi
1923 2058 2094 2120 illius
2142 2058 2291 2121 Pur-

303 2156 529 2237 gatorii
586 2157 899 2238 originem
957 2158 1345 2238 explorasse,
1396 2169 1465 2221 ut
1519 2157 1755 2219 frustra
1810 2157 1892 2221 sit
1942 2156 2136 2220 Odilo
2187 2155 2290 2218 ille

304 2256 523 2318 Abbas
563 2275 708 2317 cum
756 2255 1095 2318 Monachis
1138 2255 1682 2331 Cluniacensibus,
1708 2270 1712 2275 ’
1736 2255 1843 2335 qui
1894 2255 1960 2317 in
2002 2256 2292 2317 Aetnaeo

311 2353 533 2416 Monte
574 2353 934 2416 istiusmodi
979 2353 1332 2417 animarum
1366 2354 1786 2448 expiatorium
1827 2353 2147 2418 sexcentis
2183 2354 2287 2415 ab·

307 2452 454 2514 hinc
484 2452 670 2515 annis
699 2453 1052 2531 statuerint.
2319 2457 2384 2490 20

385 2550 768 2638 Appulirnus
826 2551 1081 2612 tandem
1140 2551 1492 2633 urbemque
1541 2551 1900 2614 invenimus
1955 2548 2112 2611 satis
2163 2547 2291 2628 qui-

305 2648 452 2711 dem
496 2648 869 2730 elegantem,
904 2649 1019 2711 sed
1063 2648 1309 2733 utribus
1337 2649 1634 2730 vasisque
1678 2647 1982 2711 coriaceis
2010 2658 2289 2720 stratam,

305 2757 556 2810 tectam.
645 2745 784 2808 Nec
828 2746 1102 2811 artifices
1130 2747 1297 2809 ullos
1326 2748 1428 2810 hic
1458 2747 1695 2810 vidisse
1729 2744 2004 2821 memini,
2037 2755 2293 2824 praeter

307 2855 558 2907 sutores
607 2845 918 2922 utrarios;
977 2855 1046 2906 ut
1089 2845 1214 2906 iam
1257 2846 1515 2909 tandem
1560 2845 1710 2926 quid
1754 2844 1834 2906 de
1876 2842 2067 2905 coriis
2113 2841 2293 2904 Pam-

307 2943 683 3025 phagonicis
712 2942 895 3006 fieret
922 2942 1079 3005 satis
1108 2943 1551 3006 intellexerim.
1634 2942 1834 3005 Cuius
1862 2940 1955 3003 rei
1984 2936 2292 3002 'rationem
2321 2968 2380 3016 25

306 3039 401 3103 sic
439 3040 641 3103 habe:
703 3040 961 3102 Incolae
1004 3060 1135 3103 non
1178 3061 1355 3104 mero
1399 3052 1676 3117 utuntur,
1711 3050 1779 3102 ut
1822 3037 2122 3101 Yvrones
2155 3037 2291 3100 reli-

307 3137 435 3219 qui,
487 3139 601 3200 sed
657 3137 842 3218 aquis
897 3138 1280 3219 quibusdam
1328 3139 1479 3202 vino
1529 3137 1872 3200 fortissimo
1929 3136 2293 3212 commistis,

307 3255 576 3319 quarum
648 3246 824 3300 tanta
882 3236 982 3299 vis
1046 3247 1144 3299 est
1199 3248 1268 3299 ut
1323 3236 1529 3318 fragili
1590 3236 1712 3298 hoc
1769 3233 1930 3297 vitro
1987 3233 2297 3296 contineri

309 3345 656 3415 nequeant3
701 3345 1094 3417 quapropter
1120 3335 1341 3399 thecas
1369 3333 1492 3398 sibi
1520 3331 2291 3411 huiusmodi-comparant,

309 3433 526 3495 resina
551 3431 820 3513 piceque
850 3431 1332 3496 firmatissimas.
2319 3457 2384 3507 30

392 3530 585 3592 Cives
626 3530 747 3592 rufi
791 3540 940 3592 sunt
982 3530 1289 3613 plerique,
1332 3530 1509 3613 lippi,
1554 3526 1858 3604 iracundi,
1905 3525 2119 3603 invidi,
2161 3547 2293 3590 sus·

309 3628 551 3710 piciosi,
612 3638 922 3693 tremente
992 3649 1200 3706 manu,
1261 3648 1489 3711 gressu
1546 3625 1756 3700 dubi0,
1819 3636 1904 3704 et,
1960 3626 2131 3706 quod
2194 3646 2294 3688 me

310 3725 536 3790 terruit
581 3725 869 3801 maxime,
921 3745 1130 3788 meras
1180 3727 1469 3789 flammas
1518 3733 1584 3787 et
1632 3723 1853 3785 bibunt
1903 3734 1968 3788 et
2014 3723 2296 3805 spirant:

1254 3851 1363 3893 132
