2859 4342
565 416 648 478 42
937 395 1341 462 MUNDUS
1397 396 1714 462 ALTER
1774 396 1890 462 ET
1952 398 2183 463 IDEM
2314 398 2474 484 [un.
2509 420 2568 462 11

652 553 1147 618 Parliamentum
1201 552 1344 618 istic
1399 553 1638 618 habent
1683 552 1817 616 fere
1861 565 2256 636 perpetuum,
2310 555 2377 617 in
2425 576 2572 637 quo

567 653 826 717 maioris
868 653 1170 715 momenti
1221 653 1480 735 negotia
1527 663 2014 735 pertractantur,
2060 664 2130 716 ut
2176 653 2568 719 Desiderius

566 764 802 827 noster,
864 752 921 815 si
991 752 1116 819 iam
1186 762 1574 832 superesset,
1634 749 1865 815 factum
1928 764 2321 833 agnosceret,
2380 755 2563 834 quod

566 851 835 914 feminas
890 860 1231 932 tantopere
1286 860 1575 932 petentes
1640 849 1997 915 introducit.
2108 849 2184 914 Id
2233 871 2388 916 vero
2445 872 2564 915 ne-

510 974 540 1024 ⁵
562 968 747 1012 cesse
789 960 903 1025 est,
941 959 1206 1030 propter
1246 948 1460 1029 legum
1503 947 1771 1010 latarum
1814 948 2367 1012 incertitudinem:
2409 950 2564 1012 licet

565 1046 736 1110 enim
791 1057 1051 1128 postero
1109 1047 1215 1110 die
1270 1046 1604 1127 plebiscita
1661 1047 1925 1128 quaevis
1973 1067 2093 1128 pro
2142 1047 2404 1110 arbitrio
2460 1069 2564 1111 re·

565 1154 879 1224 trectare;
943 1146 1173 1209 eodem
1217 1164 1349 1208 non
1398 1143 1564 1221 licet,
1616 1163 1700 1207 ne
1743 1144 1866 1208 sibi
1915 1165 2143 1226 parum
2187 1156 2559 1211 constantes

567 1243 918 1309 videantur.

649 1341 991 1423 Suffragiis
1017 1342 1277 1423 quidem
1307 1361 1499 1424 pares
1526 1351 1678 1404 sunt
1707 1362 1935 1405 omnes
1961 1343 2151 1419 cives,
2179 1363 2309 1406 non
2338 1354 2554 1407 tamen

484 1463 545 1500 10
568 1440 911 1522 dignitate:
997 1451 1174 1503 certo
1257 1440 1428 1504 enim
1503 1439 1963 1520 praefectarum
2035 1461 2318 1518 numero,
2391 1461 2558 1522 quas

570 1537 1018 1603 Centumviras
1083 1539 1423 1620 appellant,
1485 1539 1681 1601 urbes
1742 1538 1950 1601 fasces
2015 1539 2317 1603 tribuunt.
2428 1539 2488 1602 N
2495 1560 2558 1602 e-

566 1658 689 1718 que
726 1657 879 1701 vero
927 1648 1113 1701 natae
1158 1648 1308 1702 sunt
1352 1637 1498 1700 illae
1549 1656 1764 1700 rerum
1793 1636 2105 1714 dominae,
2138 1637 2255 1700 sed
2292 1638 2550 1716 electae,

566 1736 656 1799 uti
701 1736 912 1818 aliqua
966 1735 1286 1799 videbitur
1332 1735 1805 1817 pulchritudine
1861 1745 1924 1797 et
1979 1734 2344 1816 eloquentia
2389 1737 2555 1815 (sola

567 1835 738 1897 enim
781 1836 936 1898 haec
980 1835 1110 1897 duo
1152 1834 1217 1895 in
1261 1833 1436 1896 omni
1479 1832 1790 1897 electione
1832 1837 2223 1915 spectantur)
2249 1834 2553 1899 eminere.

481 1950 539 2001 15
650 1934 822 1997 Olim
850 1952 1052 2014 penes
1079 1932 1386 2014 populum
1422 1942 1560 1995 erat
1587 1932 1866 2012 eligendi
1895 1942 2194 2012 potestas,
2234 1934 2440 1995 donec
2467 1953 2554 1996 ex

565 2054 660 2109 e0,
684 2032 855 2114 quod
875 2051 1292 2112 unaquaeque
1314 2031 1727 2111 semetipsam
1749 2050 1869 2093 suo
1886 2030 2202 2111 promovit
2224 2031 2553 2111 suffragiO,

563 2142 704 2194 orta
773 2128 1064 2193 confusio
1135 2128 1638 2192 laudatissimum
1696 2128 1868 2191 hunc
1922 2129 2254 2192 electionis
2310 2149 2551 2192 morem

562 2228 930 2309 antiquavit.

647 2324 901 2389 Exinde
942 2325 1266 2389 decretum
1311 2338 1409 2391 est
1445 2336 1515 2389 ut
1552 2326 1703 2388 illae
1747 2325 1924 2388 solae
1968 2325 2210 2388 iudices
2249 2327 2553 2391 sederent

474 2447 538 2483 πο
561 2436 691 2489 tam
747 2424 1100 2488 invidiosae
1154 2425 1296 2501 litis,
1353 2444 1517 2504 quae
1572 2445 1644 2488 se
1702 2444 1909 2505 neque
1971 2423 2286 2487 formosas
2341 2445 2554 2505 neque

562 2523 835 2588 disertas
872 2522 1340 2605 profiterentur.
1429 2523 1582 2599 Quo
1613 2522 1844 2585 factum
1875 2533 1977 2584 est
2011 2531 2097 2599 ut,
2129 2532 2558 2586 concurrente

559 2643 752 2705 saepe
794 2623 1051 2704 popu10,
1085 2641 1180 2684 ne»
1205 2642 1335 2684 una
1373 2620 1631 2702 quidem
1675 2631 1999 2702 comperta
2047 2621 2130 2683 sit
2173 2621 2238 2682 in
2266 2631 2394 2684 tam
2432 2621 2553 2684 fre-

560 2720 778 2801 quenti
821 2721 1153 2802 Spissaque
1195 2739 1451 2798 comna,
1498 2739 1661 2800 quae
1705 2718 2016 2781 electficis
2063 2719 2270 2781 locum
2315 2720 2554 2783 habere

558 2819 766 2897 vellet,
818 2820 969 2887 dum
994 2818 1450 2900 ,provectiores
1500 2828 1706 2881 aetate
1751 2836 1880 2879 non
1933 2817 2142 2880 minus
2198 2837 2269 2881 se
2325 2829 2553 2899 putant

473 2929 534 2976 25
560 2916 866 2987 sacnti&
884 2936 1084 2997 quam
1113 2916 1490 2978 iuvenculae
1517 2916 1864 2995 elegantes.

624 3015 935 3078 Tandem
964 3014 1171 3077 visum
1203 3025 1301 3076 est
1332 3015 1504 3077 hunc
1531 3015 1846 3076 honorem
1875 3013 2213 3077 duodecim
2243 3035 2325 3078 ex
2355 3035 2551 3078 anno·

560 3112 830 3178 sissimis
865 3135 902 3176 e
941 3113 1082 3175 vico
1112 3112 1465 3176 Vetulonio
1509 3112 1820 3175 matronis
1850 3112 2103 3189 deferri,
2137 3133 2328 3193 quem
2357 3112 2549 3175 etiam

560 3213 838 3294 superbo
909 3222 1241 3292 praeterea
1295 3211 1478 3274 titulo
1543 3211 1893 3292 prudenter
1947 3222 2284 3289 auxerunt,
2339 3221 2408 3275 ut
2468 3231 2551 3275 eo

560 3309 881 3374 lubentius
916 3319 1340 3390 expeteretur.

472 3432 535 3484 30
648 3409 772 3471 Pro
822 3419 1092 3489 sceptro,
1140 3408 1518 3485 fascibusve,
1568 3419 1675 3471 aut
1725 3408 1957 3486 securi,
1999 3409 2255 3490 plumae
2300 3407 2439 3472 istis
2485 3420 2549 3471 et

561 3509 821 3590 specula
886 3507 1348 3589 praeferuntur,
1405 3506 1720 3570 maximae
1776 3507 1962 3568 molis
1981 3531 1999 3585 3
2066 3528 2230 3588 quae
2278 3507 2377 3570 vel
2435 3526 2551 3587 per

559 3607 738 3670 vicos
782 3607 1154 3669 incedentes
1203 3625 1335 3669 non
1376 3605 1680 3669 desinunt
1730 3605 1980 3683 intueri,
2028 3617 2092 3670 et
2135 3606 2361 3668 horum
2404 3624 2554 3666 con-

561 3706 705 3770 silio
734 3705 1014 3786 capillos
1051 3725 1180 3783 ora,
1213 3714 1277 3767 et
1303 3724 1568 3784 gressus
1598 3704 1774 3784 ipsos
1803 3724 2206 3785 componere.
