2859 4342
550 425 626 485 14
916 404 1317 468 MUNDUS
1373 403 1687 468 ALTER
1746 403 1861 467 ET
1924 403 2154 466 IDEM
2332 402 2537 484 [mna

545 563 713 622 enim
758 563 880 643 ipsi
918 573 1063 643 post
1104 574 1231 624 tam
1276 561 1548 624 subitam
1590 562 2002 624 mutationem
2046 561 2530 641 ingurgitarunt,

546 670 613 721 ut
684 661 923 723 morbis
992 661 1142 724 inde
1213 660 1555 723 contractis
1635 661 1716 722 ad
1794 680 1994 722 unum
2067 679 2294 722 omnes
2367 659 2532 722 intra

542 756 884 820 triennium
928 760 1095 821 ultro
1137 760 1464 839 perierint.

624 842 837 936 Saepe
895 857 1101 933 etiam,
1163 857 1278 919 sed
1335 856 1584 933 frustra,
1641 857 1873 937 pedem
1929 855 2031 916 hic
2090 876 2277 918 suum
2334 855 2534 937 figere

488 969 516 1018 5
543 964 865 1016 tentarunt
933 954 1179 1018 incolae
1240 966 1508 1032 vetereS,
1580 954 1631 1015 F
1635 953 1931 1035 rugionii,
1992 953 2102 1034 qui
2165 964 2379 1015 tamen
2442 954 2531 1015 uti

540 1052 793 1115 fortuna
819 1053 1203 1116 deteriorem
1231 1053 1606 1134 plerumque
1636 1052 1702 1113 in
1728 1062 1976 1132 partem
2005 1052 2226 1132 vergit,
2264 1051 2528 1113 nimium

537 1150 702 1213 felici
737 1150 1260 1231 Pamphagonum
1288 1170 1593 1212 successu
1623 1149 1906 1229 superati
1937 1160 2114 1212 sunt.

618 1250 721 1312 Ad
776 1249 1013 1311 bellum
1068 1249 1403 1329 prodeunt,
1454 1247 1775 1309 anteriore
1827 1247 2091 1327 quidem
2149 1258 2330 1327 parte
2388 1249 2531 1325 (nec

537 1348 709 1412 enim
752 1366 822 1409 se
861 1357 1134 1427 possunt
1175 1346 1323 1426 fuga
1364 1346 1661 1424 liberare)
1691 1345 1884 1407 coriis
1926 1345 2193 1419 bovillis,
2233 1346 2528 1426 pellibus·

455 1469 512 1505 10
538 1467 662 1528 que
711 1445 1034 1526 lanigerae
1082 1444 1525 1525 setigeraeque
1575 1445 1857 1525 pecudiS,
1908 1444 2202 1524 villisque
2251 1444 2530 1525 caprinis

537 1545 757 1620 induti,
804 1555 873 1606 ut
922 1555 1277 1606 armentum
1321 1544 1436 1605 tibi
1487 1543 1744 1623 aliquod
1791 1565 1831 1606 a
1874 1541 2066 1623 longe
2109 1543 2378 1605 intuenti
2428 1544 2530 1605 ad·

538 1654 837 1725 aquatum
882 1642 1028 1704 duci
1069 1642 1408 1705 videretur.
1497 1641 1799 1703 Verubus
1844 1640 2161 1721 furcisque
2204 1641 2532 1703 culinariis

539 1742 763 1806 armati
807 1744 938 1804 fere
985 1762 1211 1804 omnes
1233 1762 1250 1818 ς
1299 1751 1450 1803 sunt
1497 1751 1710 1802 tamen
1754 1739 1861 1820 qui
1905 1739 2168 1802 balistas
2217 1759 2531 1820 arcusque

539 1862 576 1903 e
607 1842 800 1903 boum
830 1841 1250 1903 maximorum
1282 1839 1477 1902 costis
1507 1848 1752 1919 gerant.

453 1972 512 2022 15
624 1939 944 2016 YvroneS,
975 1939 1107 2000 nati
1138 1938 1344 2020 magis
1381 1939 1462 2000 ad
1491 1938 1751 2015 bellum,
1782 1948 2053 2015 mutuas,
2086 1938 2192 2000 ubi
2223 1958 2385 2019 opus
2414 1948 2524 2013 est,

540 2038 677 2101 istis
721 2039 1048 2120 suppetias
1093 2038 1318 2112 serunt,
1361 2037 1502 2099 sine
1541 2056 1814 2118 quorum
1850 2037 2233 2116 opportunis
2272 2037 2528 2098 auxiliis

543 2136 1028 2217 Pamphagones
1112 2135 1530 2217 proculdubio
1616 2134 1724 2196 diu
1810 2135 2079 2196 antehac
2164 2136 2525 2196 succubuis-

537 2246 699 2298 sent.

774 2465 935 2530 CAP.
980 2465 1174 2527 VIII.
1269 2465 1785 2542 UCALEGONIUM,
1832 2483 2005 2526 unns
2051 2483 2291 2526 LIBERA

619 2624 760 2687 SED
802 2623 1011 2686 adhuc
1054 2623 1290 2685 intacta
1331 2621 1501 2698 mihi,
1550 2642 1678 2684 non
1720 2622 1987 2684 tacenda
2029 2632 2260 2699 tamen,
2307 2621 2529 2684 Ucale-

449 2760 512 2795 ,ο
536 2722 816 2803 gonium,
866 2722 1069 2785 libera
1112 2720 1351 2798 civitas,
1386 2720 1648 2782 ditionis
1690 2720 2146 2802 amplissimae,
2182 2720 2247 2781 in
2293 2721 2529 2782 ultimis

542 2820 831 2883 Planitiei
856 2819 1209 2881 Lecanicae
1231 2818 1479 2895 finibuS,
1510 2816 1871 2881 Moroniam
1888 2839 2132 2894 versus,
2156 2819 2495 2882 constituta
2508 2841 2528 2899 ;

534 2940 661 3001 qua
705 2918 942 2980 nullam
988 2927 1265 2980 ostentat
1300 2916 1775 2999 Pamphagonia
1815 2917 1918 2980 vel
1962 2918 2164 2998 magis
2206 2918 2526 3000 antiquam

533 3019 635 3081 vel
682 3017 1063 3098 stupendam
1108 3015 1352 3097 magis;
1415 3017 1615 3092 cuiuS,
1669 3016 1762 3080 uti
1808 3017 2028 3093 fertur,
2081 3016 2254 3080 cives
2303 3018 2530 3098 quovis

536 3115 852 3180 monacho
883 3115 1226 3177 feliciorem
1257 3114 1449 3177 vitam
1481 3115 1748 3196 degunt;
1795 3114 2028 3195 quippe
2057 3115 2338 3196 suppetit
2369 3116 2521 3194 istis,

449 3246 508 3297 25
537 3214 835 3299 quicquid
867 3214 1009 3276 usui
1038 3232 1184 3277 esse
1211 3215 1431 3295 possit,
1467 3215 1739 3277 abunde.

623 3313 938 3395 Inprimis,
1002 3313 1425 3376 munitissima
1492 3324 1590 3376 est
1646 3313 1785 3394 ipso
1842 3313 1966 3376 situ
2023 3313 2146 3375 loci
2209 3299 2527 3395 planeque

533 3414 877 3490 inaccessa,
910 3422 979 3475 ut
1021 3412 1244 3475 inanes
1284 3411 1561 3474 hostium
1605 3412 1871 3474 insidias
1912 3422 1974 3475 et
2014 3412 2525 3477 incursitationes

534 3514 758 3574 merito
829 3511 1042 3574 ridere
1111 3511 1312 3590 possit
1334 3532 1351 3589 ;
1429 3510 1664 3573 insidet
1732 3510 1902 3572 enim
1971 3509 2313 3573 altissimae
2382 3513 2522 3593 rupi

533 3612 933 3691 maximeque
980 3609 1326 3690 praecipiti,
1374 3628 1493 3689 per
1537 3608 1826 3670 milliaria
1872 3608 2255 3670 Germanica
2302 3611 2524 3673 decem

442 3733 508 3783 30
533 3711 977 3786 continuatae;
1020 3728 1136 3788 per
1163 3707 1342 3770 cuius
1384 3727 1603 3770 cavam
1638 3707 1866 3770 vallem
1896 3707 2251 3790 Oysivium,
2284 3708 2521 3770 flumen
