2859 4342
283 423 426 467 CAP.
457 404 535 487 11]
1047 402 1550 470 VIRAGINIA
1899 461 1905 467 .
2197 422 2273 483 41

280 559 534 639 publice
586 558 800 622 danda
855 558 1037 637 fides,
1088 568 1191 620 me
1236 558 1415 639 leges
1466 559 1934 638 subsequentes
1979 556 2278 620 inviolate

282 660 812 721 observaturum:
818 695 895 705 -

280 820 283 827 ,
368 757 478 819 Me
526 756 683 819 nihil
726 776 1007 838 unquam
1049 756 1199 819 mali
1242 755 1641 818 nobilissimo
1684 755 1885 831 sexui,
1932 753 2035 816 vel
2078 755 2276 869 verbo

283 855 384 918 vel
415 854 597 933 facto,
633 855 1159 921 machinaturum.

368 954 703 1016 Feminam
757 953 1126 1034 loquentem
1181 973 1479 1016 sermone
1535 972 1679 1014 meo
1722 972 2045 1033 nunquam
2093 952 2278 1017 inter·
2328 967 2357 1015 5

281 1051 686 1132 pellaturum.
1729 1101 1733 1105 .

369 1150 806 1213 Domesticum
857 1149 1193 1233 imperium
1243 1167 1366 1226 me,
1408 1147 1771 1228 ubicunque
1815 1149 1955 1223 sim,
2004 1148 2276 1212 feminae

281 1260 757 1311 concessurum.

369 1348 479 1410 Me
514 1367 842 1428 nunquam
877 1346 941 1408 in
981 1346 1326 1426 Locaniam
1367 1345 1757 1408 rediturum:
1801 1345 2075 1425 agitatur
2107 1346 2273 1408 enim

283 1446 455 1526 apud
499 1444 644 1507 illas
684 1444 937 1524 vulgari
980 1444 1338 1525 proverbio,
1385 1446 1402 1475 ⁴
1425 1442 1743 1505 Plurimos
1786 1443 1907 1505 huc
1951 1443 2274 1524 appellere
2302 1473 2364 1509 10

283 1545 490 1606 bonos
519 1543 710 1618 viros,
745 1542 1077 1604 discedere
1108 1542 1310 1604 malos
1340 1540 1643 1603 maritos?

374 1641 662 1703 Plurium
720 1660 975 1703 amores
1024 1660 1127 1702 me
1170 1660 1252 1702 ne
1307 1650 1493 1719 gestu
1544 1639 1800 1719 quidem
1850 1640 2039 1702 simul
2081 1640 2273 1752 ambi·

285 1750 517 1802 turum.

372 1837 549 1899 Nihil
580 1857 683 1900 me
713 1837 1008 1918 cuiquam
1038 1837 1442 1917 proditurum
1471 1836 1718 1898 secreti.

374 1935 552 1997 Nihil
609 1955 889 2016 unquam
947 1935 1131 1996 uxori
1189 1935 1360 2015 q'uod
1416 1935 1499 1995 ad
1558 1934 1796 1996 cultum
1853 1945 2364 2014 ornatumque15

287 2034 591 2115 spectarit
622 2044 1022 2114 negaturum.

372 2131 624 2212 Ingenii
671 2143 733 2194 et
786 2131 1028 2193 formae
1079 2142 1142 2193 et
1190 2131 1524 2195 facundiae
1573 2132 1828 2197 laudem
1874 2151 1976 2194 me
2026 2129 2279 2192 feminis

288 2231 455 2293 ultro
494 2231 808 2306 daturum,
855 2240 918 2292 et
961 2230 1040 2292 ab
1075 2229 1374 2291 omnibus
1416 2230 1903 2293 detrectantium
1947 2228 2281 2291 calumniis

286 2328 767 2390 vindicaturum.

373 2425 646 2506 Suscepi
691 2426 755 2486 in
802 2445 902 2487 me
950 2426 1179 2489 lubens
1219 2427 1451 2504 omnia,
1491 2447 1710 2508 neque.
1745 2427 2067 2488 duriorem
2110 2435 2281 2487 certe
2309 2446 2368 2489 20.

290 2524 720 2586 conditionem
766 2523 949 2586 facile
993 2525 1400 2606 respuissem,
1449 2525 1819 2587 discedendi
1862 2525 2091 2586 studi0.
2186 2524 2283 2585 Ita

291 2622 544 2685 vincula
589 2623 935 2684 etiamnum
986 2624 1231 2686 calamo
1276 2645 1419 2686 meo
1462 2624 1798 2687 scribentis
1842 2623 2072 2684 iniecta
2113 2623 2284 2686 videt

290 2722 506 2797 lector,
542 2731 611 2783 ut
649 2722 866 2783 omnia
904 2722 999 2784 fas
1039 2743 1169 2784 non
1209 2723 1291 2784 sit
1326 2723 1481 2784 mihi
1512 2723 1717 2784 iurato
1756 2721 1988 2802 eloqui.
2076 2721 2283 2797 Quae·

290 2820 439 2882 dam
485 2839 616 2881 non
646 2820 815 2882 mala
844 2820 1092 2883 licebit:
1137 2821 1304 2883 mala
1333 2841 1462 2882 non
1490 2821 1726 2899 liceret,
1758 2821 1860 2883 vel
1892 2820 2184 2884 iniuratO.

427 2997 591 3060 CAP.
641 2995 768 3057 111.
860 2976 1106 3058 Fonm
1155 2994 1518 3056 Rmnmms
1564 3014 1643 3056 ET
1692 2994 2144 3058 ELEc‘ronUM.

284 3194 289 3199 .
374 3143 642 3206 STATus
686 3140 841 3202 mihi
890 3142 1356 3204 democraticus
1392 3143 1572 3205 visus
1623 3155 1758 3221 est;
1804 3143 1952 3205 dum
1992 3164 2280 3225 quaeque
2309 3175 2370 3223 25

290 3242 503 3305 studet
531 3241 865 3321 imperare,
889 3240 1065 3302 nulla
1093 3240 1335 3302 subiici.
1425 3240 1603 3316 Quin
1635 3260 1717 3303 ne
1747 3241 1995 3319 legibus
2027 3243 2281 3321 quidem

290 3361 361 3403 se
403 3339 729 3421 patiuntur
762 3338 1044 3401 coerceri
1074 3361 1088 3400 :
1129 3337 1402 3418 publicis
1430 3348 1675 3401 tantum
1702 3338 2036 3419 'suffragiis
2072 3342 2285 3404 omnia

289 3446 699 3520 peraguntur.
806 3436 996 3512 Quae
1062 3435 1384 3516 quomodo
1453 3436 1773 3499 ferrentur
1831 3437 2079 3498 mirum·
2130 3437 2285 3498 mihi

291 3536 531 3598 homini
560 3535 900 3615 peregrino
946 3534 1282 3597 videbatur
1304 3555 1322 3611 ;
1367 3554 1595 3597 omnes
1637 3536 1806 3597 enirn
1848 3556 1976 3598 una
2020 3535 2282 3615 loquun-

290 3644 395 3696 tur
439 3634 697 3695 canoris
738 3633 1346 3695 acclamationibus:
1394 3633 1567 3695 nulla
1610 3633 1772 3711 silet,
1812 3654 2022 3715 neque
2065 3654 2282 3696 aurem
2310 3662 2372 3710 30

290 3732 474 3794 alteri
505 3733 960 3794 accommodat.
