2859 4342
270 406 544 493 cAP.1v]
632 428 641 435 ·
883 457 887 460 .
955 410 963 417 ’
1042 404 1484 473 MORONIA
1569 406 1573 410 ’
1673 425 1732 460 Μ
2178 437 2264 497 59

271 568 529 630 alterius
578 568 821 645 domus,
874 578 983 630 aut
1036 566 1206 629 intra
1254 578 1428 630 certa
1479 568 1776 681 milliaria
1832 570 2083 663 aedium
2140 571 2261 633 sibi

270 677 465 746 ponat
492 666 920 729 fundamenta.
2358 655 2362 661 ’

357 764 711 828 Rarissime
731 754 987 846 quidem
1009 776 1279 829 exeunt:
1313 765 1450 829 sive
1472 768 1538 829 id
1562 779 1825 848 propter
1846 769 2266 832 densissimas

271 862 586 939 tenebras,
635 882 797 943 quae
851 862 951 925 hic
1004 862 1136 925 sere
1188 875 1536 944 perpetuae
1586 875 1750 942 sunt,
1816 866 1950 928 sive
2006 867 2263 929 decreto

270 961 577 1042 principis
613 961 738 1038 fiat,
771 981 887 1023 seu
927 955 1154 1041 sponte
1193 981 1311 1024 sua
1348 963 1580 1042 potiUS,
1613 965 1784 1043 quod
1814 984 1887 1026 se
1916 964 2266 1027 domestica
2294 996 2322 1044 5

272 1056 614 1123 solitudine
685 1051 908 1121 malint
978 1058 1316 1123 oblectare.
1430 1060 1669 1123 Rarius
1734 1071 1946 1124 tamen
2010 1063 2263 1124 obvium

273 1150 633 1240 quempiam
678 1158 955 1219 salutant
996 1158 1100 1219 vel
1139 1159 1569 1238 alloquuntur,
1614 1160 1704 1222 sic
1749 1161 1916 1222 enirn
1960 1181 2032 1248 se
2073 1163 2261 1224 habet

273 1257 435 1339 legis
474 1276 627 1318 suae
662 1256 1015 1319 sententia:
1061 1257 1462 1368 ‘Antequam
1498 1247 1832 1320 necessum
1864 1268 1979 1335 est,
2012 1280 2093 1321 ne
2123 1280 2258 1340 pro·

275 1355 549 1432 deunto;
594 1354 914 1416 neminem
946 1354 1011 1414 in
1042 1353 1166 1430 via,
1189 1354 1311 1416 nisi
1342 1356 1448 1417 die
1483 1355 1673 1433 IoviS,
1700 1356 2038 1420 salutanto.
2043 1356 2061 1383 '
2136 1359 2262 1420 Adi
2341 1354 2344 1357 ’

275 1471 653 1533 quemquam
679 1453 979 1514 istorum:
1015 1452 1192 1532 pulta
1214 1452 1422 1515 fores:
1458 1474 1605 1516 sero
1629 1458 1979 1536 respondet
2002 1457 2256 1536 hospes,
2293 1488 2354 1524 ιο

276 1561 338 1614 et
386 1551 708 1628 iracunde,
756 1551 991 1632 quippe
1043 1551 1493 1620 molestissime
1537 1553 1745 1616 ferunt
1795 1555 1941 1615 novi
1992 1554 2263 1635 hospitis

276 1660 619 1730 aspectum.
1229 1644 1233 1648 ’
1893 1644 1898 1649 ’
2153 1646 2162 1652 ’

235 1787 254 1804 .
357 1748 638 1824 Quaeris
680 1748 834 1829 quid
888 1759 1077 1829 agant
1120 1750 1223 1812 vel
1272 1771 1400 1831 quo
1446 1739 1701 1812 tandem
1752 1753 1943 1813 modo
1993 1761 2289 1814 aetatem>

276 1857 499 1909 terant:
589 1845 763 1909 Sane
807 1847 1217 1927 imaginando
1263 1858 1326 1909 et
1365 1847 1669 1927 fingendo
1714 1868 2036 1929 nunquam
2082 1850 2260 1925 facta,

277 1944 599 2025 nunquam
636 1945 864 2022 futura,
903 1946 1224 2008 credendo
1258 1966 1420 2026 quae
1462 1946 1781 2022 finxerint,
1814 1949 2265 2027 prosequendo
2299 1976 2355 2025 ¹5

166 2055 177 2060 “
275 2063 437 2123 quae
503 2043 889 2105 crediderint
910 2063 928 2121 3
1001 2064 1164 2125 quae
1236 2044 1396 2106 ratio
1467 2055 1566 2106 est
1629 2063 1741 2105 cur
1811 2044 1899 2106 ita
1967 2045 2268 2107 horreant
2367 2075 2374 2081 ·

275 2152 600 2221 aspectum
630 2140 960 2222 nolintque
990 2142 1399 2223 interpellari.

357 2239 541 2303 Alius
569 2260 641 2302 se
670 2238 794 2302 iam
825 2240 933 2301 diu
966 2253 1285 2324 mortuum
1314 2252 1507 2321 putat,
1537 2261 1735 2322 seque
1767 2243 1940 2304 velut
1969 2237 2266 2321 frigidum

275 2339 549 2400 cadaver
577 2338 703 2399 imo
734 2336 1194 2418 in‘pavimento
1223 2349 1595 2419 protensum
1628 2341 1871 2402 sternit.
2256 2353 2264 2359 “

333 2437 540 2498 'Alius
562 2456 633 2499 se
656 2436 892 2516 talpam
916 2436 1311 2517 imaginatus,
1335 2437 1507 2517 degit
1530 2438 1595 2499 in
1614 2438 1804 2499 cubili
1828 2439 2261 2515 subterraneO,
2297 2460 2358 2496 20

273 2554 527 2597 vermes
549 2544 912 2609 venaturus,
942 2545 1276 2615 rostroque
1298 2536 1499 2615 probe
1521 2536 1801 2597 calceato
1824 2545 2057 2597 terram
2080 2535 2267 2597 suffo-

274 2634 405 2695 dit:
447 2633 555 2696 ubi
597 2652 753 2696 vero
789 2633 1019 2712 aliquis
1063 2633 1237 2694 illum
1278 2635 1605 2697 insecutus
1649 2634 1749 2696 vel
1793 2634 2033 2696 acicula
2071 2654 2265 2713 pupu-

273 2731 453 2812 gerit,
486 2731 697 2794 statim
733 2735 1024 2810 (prorsus
1067 2731 1235 2794 enim
1262 2732 1400 2805 ,sibi
1438 2732 1692 2795 videtur
1733 2750 1911 2794 more
1954 2732 2264 2812 talparum

275 2830 589 2892 caecutire
632 2841 701 2892 ut
736 2850 953 2911 neque
993 2831 1197 2891 virum
1244 2850 1392 2892 nec
1411 2830 1649 2892 ferrum
1696 2830 2052 2911 dignoscat)
2093 2830 2266 2892 furca

276 2938 450 2990 ratus
479 2928 750 3007 talparia
779 2927 1092 2989 transfodi
1130 2948 1202 3035 se
1241 2928 1554 2989 exclamat
1584 2928 1818 3029 misere
1856 2948 2054 3008 seque
2082 2932 2265 3008 parat
2294 2946 2355 2996 25

274 3026 573 3107 patibu10.

354 3124 540 3187 Alius
581 3125 906 3187 Atlantem
949 3125 1130 3206 fingit
1176 3146 1371 3205 grave
1418 3126 1738 3188 caelorum
1781 3145 1949 3189 onus
1992 3125 2114 3187 sibi
2162 3125 2268 3185 im·

274 3222 606 3304 posuisse:
649 3233 776 3286 stat
819 3244 973 3304 ergo
1015 3223 1361 3286 immobilis
1403 3225 1738 3303 suspirans
1778 3223 2171 3303 saepissime,
2205 3233 2268 3283 et

273 3341 442 3383 nunc
471 3321 702 3383 tollens
730 3321 1082 3398 humerum,
1116 3341 1286 3384 nunc
1316 3323 1700 3402 deprimens

354 3420 501 3481 Alia
539 3418 907 3499 Megaeram
947 3441 1018 3482 se
1058 3421 1336 3500 opinata,
1369 3421 1470 3482 vel
1512 3420 1845 3482 Furiarum
1883 3419 2264 3500 quampiam,
2298 3437 2359 3485 30

272 3526 471 3579 terret
526 3518 842 3598 hospitem
900 3518 1109 3581 saevis
1164 3518 1492 3599 gestibus:
1557 3519 1821 3599 capillos
1876 3538 2030 3580 suos
2084 3516 2267 3598 quasi

273 3615 541 3678 totidem
591 3636 835 3696 angues
884 3617 1098 3696 quatit,
1154 3616 1390 3693 sibilat,
1434 3626 1496 3678 et
1546 3637 1796 3698 ungues
1849 3617 2116 3678 intentat
2166 3615 2270 3677 ad·

272 3714 676 3777 venientibus
695 3735 713 3792 ;
759 3726 945 3777 nacta
983 3737 1137 3777 vero
1178 3716 1470 3778 catellum
1502 3726 1609 3777 aut
1645 3715 1915 3797 soricem
1952 3714 2271 3777 excruciat
