2859 4342
311 423 455 468 cAp.
489 401 568 486 11]
1061 401 1534 468 ‚MORONIA
1781 460 1784 463 ,
1877 439 1892 463 .—
1929 458 1934 461 Α
2222 420 2304 482 53

399 557 606 623 Nemo
651 559 1136 622 istorum'solus
1179 578 1459 639 unquam
1505 564 1604 621 est
1626 578 1645 636 3
1704 569 1908 620 semet
1949 557 2117 620 enim
2158 557 2305 620 allo-

315 659 530 741 quitur
575 658 825 739 sibique
885 659 1230 738 respondet
1285 656 1609 734 vicissim3
1681 676 1899 719 secum
1955 656 2113 717 ludit
2168 655 2306 736 ipse

316 776 445 819 non
488 755 626 819 sine
669 776 901 837 magna
940 756 1369 833 contentione,
1407 756 1750 835 aliquando
1796 756 1985 819 etiarn
2025 764 2092 817 et
2131 754 2304 831 rixiS,

317 857 643 937 risumque
674 855 794 919 sibi
826 865 933 918 aut
961 854 1254 917 lacrimas
1283 865 1497 917 movet
1526 853 1816 937 ubertim.

402 955 525 1019 Per
573 974 801 1017 omnes
861 953 1196 1016 Moroniae
1247 963 1462 1035 partes
1511 964 1830 1035 vagantur
1881 951 2312 1034 religiosiores
2342 981 2368 1030 5

316 1053 565 1134 quidam
632 1051 1029 1133 Morosophi,
1093 1052 1159 1114 in
1223 1052 1437 1115 varios
1511 1051 1776 1114 ordines
1840 1052 2138 1128 distincti,
2204 1050 2313 1133 qui

316 1152 541 1215 eodem
571 1150 709 1213 istis
740 1150 805 1212 in
828 1150 969 1212 loco
991 1150 1308 1212 habentur
1328 1170 1458 1230 quo
1486 1149 1688 1211 Bonzi
1718 1151 1888 1231 apud
1912 1149 2275 1213 Chinenses
2296 1169 2314 1227 3

316 1250 487 1330 pium
530 1268 738 1330 genus
777 1248 1111 1313 hominum
1156 1269 1228 1312 ac
1272 1248 1642 1330 lepidulum.
1732 1247 2122 1311 Exciderunt
2160 1249 2314 1311 mihi

318 1348 450 1411 fere
479 1347 778 1411 classium
808 1346 1114 1425 nomina;
1159 1348 1559 1428 quarundem
1603 1367 1805 1410 sonus
1843 1347 2066 1411 haeret
2101 1346 2315 1410 etiam-

319 1466 486 1522 num,
546 1447 650 1509 vel
721 1456 892 1509 certe
957 1465 1087 1508 non
1154 1447 1421 1508 multum
1489 1446 1815 1510 absimilis.
1922 1446 2037 1509 Isti
2103 1446 2318 1510 omnia
2346 1477 2406 1513 10

319 1566 481 1628 quae
558 1546 793 1608 habent
858 1544 1214 1625 largiuntur
1283 1544 1440 1619 aliis,
1516 1544 1643 1625 ipsi
1720 1545 2102 1638 mendicant.
2211 1544 2315 1608 Ad

320 1654 646 1708 extremos
721 1642 1057 1706 Moroniae
1125 1642 1291 1706 fines
1356 1644 1684 1707 ambulant
1750 1646 1925 1707 nudo
1995 1645 2177 1725 pede,
2250 1653 2319 1706 ut

320 1741 630 1805 caelatum
661 1740 937 1822 lapidem
967 1740 1346 1818 intueantur,
1383 1741 1801 1823 alloquantur,
1827 1742 2315 1819 exosculentur;

319 1839 419 1901 cui
460 1841 719 1903 demum
771 1839 1097 1919 supplices
1151 1840 1472 1920 provoluti
1523 1840 1799 1903 offerunt
1841 1859 2127 1919 munera,
2169 1851 2318 1904 vota

328 1936 618 2002 fundunt.
729 1938 977 2000 Aurum
1057 1937 1319 2018 plumbo
1389 1949 1636 2001 mutant
1705 1950 1770 2002 et
1842 1940 2312 2002 membranulis,
2347 1959 2401 2012 15

325 2036 569 2099 Cereos
627 2038 979 2100 accendunt
1031 2035 1315 2099 meridie.
1422 2036 1637 2100 Carne
1684 2038 1859 2100 vesci
1917 2037 2142 2117 religio
2193 2038 2318 2100 illis

322 2145 456 2213 est;
512 2136 795 2217 piscibus
838 2135 919 2198 ad
962 2135 1284 2216 crapulam
1336 2134 1503 2198 licet.
1588 2136 1835 2199 Aurum
1898 2138 2072 2202 nuda
2127 2154 2317 2198 manu

324 2245 737 2316 argentumve
767 2245 1031 2315 tangere
1061 2234 1444 2316 quibusdam
1472 2234 1724 2315 piaculo
1753 2246 1868 2299 est.
1962 2235 2316 2298 Hominum

322 2331 430 2395 vix
448 2352 832 2415 quemquam
853 2333 1132 2396 salutant
1156 2334 1171 2395 l
1212 2333 1454 2395 nullum
1476 2353 1604 2395 non
1628 2334 1901 2413 lapidem
1922 2347 2029 2397 aut
2051 2334 2313 2416 lig'num.

329 2430 379 2492 F
384 2431 631 2513 lagellis
673 2451 744 2495 se
801 2430 1034 2495 misere
1088 2432 1451 2512 mastigant,
1504 2431 1639 2494 sive
1689 2434 1858 2513 quod
1918 2453 2109 2497 nemo
2154 2434 2316 2502 alius
2345 2453 2407 2488 20

323 2539 573 2612 tergum
623 2549 810 2593 suum
861 2528 990 2591 illis
1045 2530 1417 2611 poliendum
1470 2530 1552 2593 sit
1604 2531 2136 2609 commodaturuS,
2183 2531 2318 2594 sive

325 2629 495 2711 quod
553 2628 705 2691 olim
760 2628 1104 2691 vitulorum
1171 2628 1551 2708 sanguinem
1619 2629 1759 2692 Deo
1815 2641 2065 2710 gratum
2122 2629 2319 2693 fuisse

324 2727 700 2808 acceperint.
784 2725 1108 2790 Verticem
1155 2728 1405 2807 radunt,
1452 2726 1552 2788 vel
1597 2727 1769 2806 quod
1813 2727 1935 2790 levi
1981 2726 2197 2790 cranio
2248 2745 2320 2789 se

326 2838 509 2889 natos
564 2825 986 2908 meminerint,
1038 2826 1142 2886 vel
1201 2823 1283 2887 ad
1331 2824 1610 2889 calorem
1667 2824 1913 2887 cerebri
1965 2837 2322 2907 temperan-

324 2923 493 3001 dum,
525 2926 628 2988 vel
663 2912 746 2988 ne
775 2924 987 2987 crines
1028 2922 1195 2985 inter
1225 2923 1471 2986 caelum
1507 2918 1571 2986 et
1608 2925 1941 2986 cerebrum
1981 2939 2320 2991 nascentes
2349 2949 2407 3001 25

325 3020 774 3105 impedimento
856 3022 999 3098 sint,
1076 3041 1158 3085 ne
1229 3013 1433 3085 libera
1500 3041 1683 3085 mens
1756 3023 2060 3086 caelestia
2128 3026 2318 3090 medi·

325 3133 512 3186 tetur.
1835 3110 1839 3114 Δ

408 3219 479 3283 Si
510 3221 653 3302 quis
685 3221 914 3284 horum
944 3220 1381 3301 aegrotaverit,
1426 3221 1791 3285 lacrimatur
1826 3221 2083 3300 affatim,
2115 3244 2318 3305 usque

324 3320 477 3383 dum
498 3321 603 3383 vel
632 3322 938 3383 moriatur
967 3319 1068 3382 vel
1100 3320 1524 3383 convalescat.
1614 3318 2086 3384 Medicamenta
2106 3323 2320 3386 omnia

324 3418 714 3501 pertinacius
766 3428 1161 3496 aversantur,
1214 3429 1459 3482 tantum
1501 3418 1865 3481 moribundi
1913 3420 2058 3482 oleo
2101 3440 2139 3483 a
2181 3420 2316 3483 suis
2345 3443 2407 3494 30

328 3516 741 3601 Morosoph'is
770 3519 1179 3600 inunguntur.
2298 3577 2309 3590 ,

408 3617 803 3699 Sapientiam
847 3638 976 3680 non
1017 3610 1360 3680 metiuntur
1393 3618 1650 3682 silentio
1692 3618 1953 3701 (quippe
1993 3620 2166 3700 quod
2212 3641 2317 3684 res

325 3716 514 3783 etiam
543 3717 858 3780 inanimae
894 3718 959 3780 id
1001 3717 1232 3781 faciant
1270 3718 1465 3795 ultro)
1508 3719 1625 3780 sed
1664 3719 2005 3781 verborum
2039 3719 2311 3794 delectu,
