2859 4342
642 451 725 493 22
1014 429 1428 493 MUNDUS.
1472 429 1784 493 ALTER
1847 428 1962 492 ET
2025 429 2255 492 IDEM
2427 430 2583 514 [Lm.
2616 451 2640 493 1

644 587 807 650 vivis
837 587 1155 650 ebriorum
1194 587 1610 650 cadaveribus
1653 597 1723 649 ut
1760 586 2069 650 victorum
2109 587 2387 650 hostium
2429 597 2643 651 castra

645 686 856 748 solent
883 695 1031 766 post
1059 684 1397 746 maximam
1426 694 1726 764 stragem.

668 928 832 991 CAP.
862 926 1022 992 XII.
1106 929 1356 992 INSULA
1398 928 1750 991 Faunum
1787 949 1912 993 sEu
1952 929 2200 993 TERRA
2240 928 2620 991 D'HAMBRE

664 1146 673 1158 x
728 1075 1014 1138 Excmrr
1045 1076 1231 1139 nobis
1264 1075 1526 1140 Insulae
1559 1076 1609 1138 F
1617 1077 1918 1140 amelicae
1947 1077 2205 1141 mentio,

726 1174 933 1237 Terra
963 1184 1061 1237 est
1088 1185 1368 1256 petraea,
1398 1186 1710 1251 montosa,
1748 1175 2103 1252 infecunda,
2125 1175 2312 1253 nuda,
2346 1194 2638 1238 arenosa.

589 1302 619 1354 5
643 1273 930 1336 Arbores
973 1273 1075 1335 hic
1119 1273 1378 1353 aliquot,
1409 1274 1525 1335 sed
1557 1274 1995 1349 decorticatae,
2030 1273 2283 1351 calvae;
2327 1294 2490 1354 quae
2520 1292 2643 1335 nec

646 1370 921 1432 fructum
963 1371 1171 1433 ferant
1217 1391 1334 1432 nec
1377 1370 1683 1433 frondes:
1726 1372 1879 1451 quin
1926 1392 2134 1452 neque
2177 1372 2300 1433 flos
2345 1391 2463 1433 nec
2501 1390 2644 1451 gra-

643 1490 808 1546 men,
841 1470 1015 1551 quod
1044 1469 1194 1531 alibi
1223 1469 1480 1531 virescit
1509 1469 1839 1547 iniussum,
1873 1471 2122 1551 uspiam
2150 1469 2253 1531 hic
2282 1480 2592 1532 crescunt.

724 1567 917 1630 Veris
956 1567 1310 1648 hiemisque
1341 1567 1513 1629 vices
1544 1568 1747 1629 nescit
1784 1569 1991 1630 solum
2023 1587 2329 1630 exsucurn
2359 1577 2422 1630 et
2450 1568 2645 1649 plane

644 1666 1046 1729 demortuum
1067 1688 1086 1743 3
1153 1666 1371 1728 nescio
1430 1686 1511 1728 an
1564 1665 1799 1728 herbas
1856 1667 2247 1747 frondesque
2294 1666 2641 1746 primulum

559 1786 620 1822 10
646 1775 1020 1828 enascentes
1049 1776 1312 1845 carpant
1340 1775 1696 1844 vorentque
1725 1764 2074 1826 avidissimi
2107 1764 2462 1844 indigenae.

730 1864 1090 1925 Incolarum
1135 1881 1324 1925 nemo
1366 1863 1549 1925 sedet
1592 1862 1695 1924 hic
1738 1863 1981 1940 volens,
2014 1862 2128 1924 sed
2174 1863 2403 1924 exsilio
2440 1882 2478 1924 e
2520 1883 2645 1926 sua

646 1972 813 2025 terra
842 1965 1098 2025 eiectuS.
1176 1960 1268 2022 Hi
1289 1981 1515 2023 omnes
1540 1961 1753 2023 colore
1777 1971 1928 2022 sunt
1950 1962 2128 2023 fusco
2152 1971 2215 2023 et
2238 1960 2597 2040 subpallido
2623 1982 2644 2039 ;

644 2072 787 2123 cute
816 2062 992 2137 dura,
1025 2069 1347 2122 contracta
1375 2070 1439 2121 et
1470 2059 1797 2139 elephanti
1841 2079 2020 2121 more
2063 2058 2276 2120 hiulca
2294 2080 2313 2137 3
2356 2059 2645 2123 omnium

648 2179 809 2239 quos
838 2158 935 2220 sol
966 2158 1141 2219 videt
1170 2157 1691 2220 macilentissimi.

561 2270 617 2320 15
728 2256 997 2318 Videbis
1059 2256 1160 2318 hic
1225 2255 1417 2318 alium
1482 2255 1720 2317 muscis
1793 2256 2217 2334 insidiantem,
2274 2255 2646 2320 vermiculis

647 2356 884 2435 alium3
929 2375 1048 2417 nec
1093 2354 1327 2417 desunt
1358 2354 1467 2435 qui
1503 2365 1710 2416 terrae
1751 2365 1957 2417 cutem
2004 2357 2235 2418 radunt
2280 2356 2539 2420 cultello
2569 2368 2644 2419 ut

645 2455 895 2517 abditas
952 2463 1261 2533 quaerant
1317 2453 1657 2515 herbarum
1722 2453 2054 2517 radiculas.
2144 2454 2320 2529 Quin
2388 2465 2452 2516 et
2516 2454 2645 2517 sibi

644 2564 887 2631 mutu0,
943 2553 1050 2613 ubi
1109 2551 1372 2627 licuerit,
1421 2552 1698 2632 praedae
1763 2564 1928 2629 sunt,
1992 2573 2109 2615 nec
2167 2572 2353 2632 quem
2413 2551 2652 2618 liberat

645 2653 952 2714 advenam
986 2652 1309 2728 novitium,
1344 2651 1468 2713 nisi
1498 2650 1599 2713 vel
1629 2651 1824 2712 robur
1858 2651 1956 2713 vel
1989 2650 2370 2713 macilentia.

557 2764 619 2799 20
733 2749 922 2811 Fabri
964 2750 1209 2812 ferrarii
1254 2750 1387 2812 sere
1430 2760 1580 2811 sunt
1625 2770 1887 2812 omnes:
1944 2767 2307 2830 quanquam
2355 2760 2417 2810 et
2465 2748 2647 2811 Pam·
2719 2798 2728 2804 .

644 2849 976 2929 phagones
1005 2849 1427 2928 philosophos
1472 2848 1598 2910 huc
1643 2867 1867 2910 omnes
1906 2868 1979 2909 ac
2019 2847 2301 2909 medicos
2331 2847 2641 2928 relegant,

578 3002 581 3007 .
644 2959 707 3010 et
739 2946 1015 3027 Hispani
1050 2968 1239 3009 omne
1270 2967 1477 3027 genus
1507 2946 1896 3008 libertorum.
2463 2942 2468 2946 ’

725 3045 1063 3107 Terribilis
1121 3046 1362 3107 formae
1422 3044 1627 3106 bestia
1673 3064 1788 3125 per
1838 3044 2028 3106 huius
2078 3045 2326 3107 insulae
2383 3046 2647 3108 deserta

572 3133 577 3139 ’
645 3145 884 3226 passim
927 3144 1198 3207 oberrat.
1294 3147 1309 3176 ‘
1332 3141 1390 3203 N
1398 3142 1848 3223 uchtermagen
1871 3143 1887 3168 ’
1927 3153 2171 3217 vocant,
2210 3143 2351 3205 sine
2394 3143 2645 3223 capite;

557 3266 581 3300 2
590 3267 617 3315 5
647 3264 808 3323 quae
840 3241 1347 3304 horrendissimo
1371 3241 1600 3302 latratu
1625 3241 1865 3302 caelum
1892 3240 2149 3321 implet:
2195 3261 2382 3320 quem
2408 3261 2644 3304 sonum

645 3343 753 3422 qui
796 3340 993 3404 semel
1036 3339 1372 3402 duodecim
1416 3339 1718 3401 horarum
1765 3339 1971 3419 spatio
2016 3359 2144 3401 non
2189 3338 2461 3401 audierit
2506 3358 2644 3400 sur-

644 3441 844 3503 descit
891 3439 1059 3501 illico
1083 3461 1100 3517 3
1151 3449 1250 3500 ter
1296 3458 1449 3500 vero
1494 3438 1602 3518 qui
1652 3438 1925 3499 audierit
1977 3458 2095 3500 nec
2151 3438 2301 3518 quid
2360 3440 2645 3517 praedae

644 3538 947 3602 obiecerit
977 3548 1126 3600 ante
1157 3538 1353 3599 horas
1382 3536 1719 3599 duodecim
1751 3536 2038 3599 moritur.

721 3638 868 3700 Alia
923 3637 1025 3723 hic
1081 3635 1379 3697 animalia
1440 3644 1693 3714 praeter
1757 3635 1944 3714 lupos
1999 3646 2066 3696 et
2113 3633 2638 3715 CercopithecOS,

556 3761 619 3811 30
646 3736 866 3799 caudis
894 3734 1353 3815 aliquantulum
1385 3742 1625 3809 curtOS,
1656 3732 1830 3793 nulla
1858 3732 2008 3795 vidi.
