2859 4342
594 419 676 496 48
967 416 1367 480 MUNDUS
1426 416 1736 478 ALTER
1800 416 1916 478 ET
1979 417 2212 479 IDEM
2354 417 2508 500 [Lm.
2551 436 2605 478 11

596 592 874 654 unquam
919 573 1019 635 vel
1059 574 1230 636 visas
1265 583 1578 653 notasque
1617 583 1792 635 tanto
1829 573 2086 636 silentio
2124 572 2594 654 praeterierim.

601 669 919 734 Plurimae
961 671 1218 753 quidem
1258 672 1407 733 illae
1449 681 1614 747 sunt,
1662 671 1748 731 mi
1791 671 2003 746 hom0,
2047 671 2190 732 dico
2233 669 2420 745 seri0,
2471 672 2600 733 sed

595 789 758 848 quae
782 768 1137 850 Eugyniam
1156 769 1457 844 habitant,
1485 779 1727 850 partem
1758 768 1934 846 mihi,
1957 768 2181 847 fateor,
2206 788 2334 832 non
2363 767 2601 841 visam,

595 866 709 928 sed
760 877 932 929 certo
977 887 1231 929 rumore
1271 866 1609 947 cognitam.
1697 867 1874 943 Quin
1917 878 1980 929 et
2022 867 2366 948 praedictis
2407 864 2598 926 Vira-

543 994 571 1043 5
596 963 806 1044 giniae
845 965 1133 1045 partibus
1172 985 1300 1027 non
1337 985 1579 1046 paucae
1619 975 1784 1040 sunt,
1818 965 1934 1027 sed
1969 985 2132 1045 quae
2161 963 2356 1028 vitam
2396 974 2602 1043 agunt

595 1062 1104 1124 anachoreticam
1161 1054 1224 1124 et
1280 1062 1695 1125 monasticam
1753 1072 1942 1142 atque
1999 1073 2249 1125 montes
2306 1061 2601 1123 incolunt

595 1154 974 1241 praeruptos
1046 1170 1108 1222 et
1189 1160 1571 1224 inaccessos.
1664 1160 1812 1222 Huc
1877 1160 2132 1235 scilicet,
2197 1160 2287 1221 uti
2357 1160 2594 1235 ferunt,

597 1254 1007 1331 castissimae,
1040 1254 1379 1335 piissimae,
1413 1254 1882 1334 pulcherrimae
1915 1252 2186 1316 feminae
2215 1254 2381 1315 ultro
2413 1272 2597 1316 sece-

598 1353 776 1415 dunt.

517 1477 575 1512 10
681 1449 990 1530 Quisquis
1040 1449 1397 1526 ascenderit
1446 1470 1519 1513 ac
1562 1450 1913 1514 studiosius
1955 1445 2406 1530 quaeritaverit
2451 1468 2590 1511 non

554 1536 561 1542 ’
599 1548 833 1627 poterit
860 1568 989 1609 non
1020 1548 1326 1628 plurimas
1356 1548 1545 1611 huius
1575 1547 1813 1610 farinae
1843 1548 2143 1628 reperire.
2219 1547 2369 1628 Ipse
2398 1567 2593 1609 unam
2683 1577 2714 1585 —
2825 1616 2826 1629 χ

599 1656 705 1707 aut
727 1646 989 1709 alteram
1009 1646 1278 1708 conveni
1302 1667 1320 1723 ;
1351 1666 1616 1726 quarum
1636 1647 1846 1708 adhuc
1866 1657 1929 1708 et
1958 1646 2240 1721 sormam,
2270 1657 2333 1708 et
2352 1665 2591 1723 mores»,

598 1744 1021 1824 virtutemque
1063 1753 1329 1825 stupeo:
1371 1744 1490 1806 sed
1534 1745 1705 1824 quod
1749 1743 2206 1807 adolescentuli
2252 1753 2587 1818 nostrateS,
2825 1750 2826 1805 l

599 1841 654 1904 si
701 1842 807 1921 qui
853 1842 976 1905 huc
1023 1842 1183 1904 forte
1235 1841 1734 1922 peregrinantur,
1786 1841 1874 1903 ita
1918 1846 2171 1904 omnem
2223 1841 2592 1904 inveniendi

519 1963 577 2012 15
601 1940 884 2002 laborem
943 1941 1263 2019 refugiunt
1307 1960 1650 2019 curamque
1697 1939 2005 2015 reiiciunt,
2056 1940 2202 2001 hinc
2248 1939 2319 2002 fit
2364 1950 2433 2001 ut
2482 1941 2592 2002 bo·

601 2057 824 2100 narum
854 2038 1228 2101 feminarum
1258 2038 1636 2119 paucitatem
1667 2037 1979 2100 immerito
2009 2046 2364 2101 causentur.
