2859 4342
557 379 639 438 26
927 377 1330 441 MUNDUS
1387 377 1697 442 ALTER
1759 378 1876 442 ET
1936 381 2166 444 IDEM
2338 381 2548 465 [Lina

561 532 914 595 instructus
971 533 1054 594 ad
1100 530 1519 612 praetorium,
1566 534 1673 595 ubi
1724 534 2013 597 convivia
2063 536 2270 598 solent
2328 536 2547 617 agitari

561 632 680 692 sub
708 642 976 707 noctem,
1012 651 1141 692 una
1170 651 1310 693 cum
1342 631 1473 694 fido
1503 632 1685 710 duce,
1719 653 1819 694 me
1849 633 2106 695 contuli.

642 728 993 791 Conssuunt
1048 729 1602 810 discumbuntque,
1660 732 1886 793 eodem
1944 732 2134 812 plane
2189 752 2368 794 more
2422 751 2549 811 quo

546 826 1055 908 Pamphagones
1111 827 1314 907 prius,
1373 828 1496 889 nisi
1556 829 1728 909 quod
1787 829 1926 891 istic
1977 831 2120 910 plus
2177 830 2547 909 poculorum

507 950 537 1001 5
563 926 913 1002 observavi,
974 926 1353 988 ferculorum
1420 927 1648 990 minuS.
1757 927 1934 989 Vase
1991 928 2224 1008 duplici
2282 928 2551 1008 stipatur

563 1023 830 1104 quisque
862 1045 942 1086 ex
972 1036 1242 1105 utroque
1273 1026 1491 1088 latere.

653 1122 844 1184 Initio
911 1124 1168 1203 quidem
1238 1123 1438 1185 libant
1505 1123 1790 1201 Bacch0‚·
1838 1125 2155 1186 communi
2214 1125 2360 1203 deo,
2418 1144 2548 1185 non

564 1220 676 1282 illo
720 1241 897 1283 more
941 1242 1069 1302 quo
1119 1221 1396 1284 Romani
1442 1223 1616 1299 olim,
1659 1223 1851 1302 paulo
1897 1223 2025 1284 vini
2070 1222 2303 1285 diffuso
2352 1221 2545 1298 humi,

561 1319 676 1381 sed
721 1321 909 1400 longe
949 1320 1363 1400 religiosiore.
1457 1320 1646 1382 quta
1673 1340 1987 1385 summum
2020 1341 2281 1384 mensae
2316 1320 2548 1383 Bacchi

477 1447 538 1485 10
563 1429 770 1480 statua
822 1419 1106 1500 erigitur,
1154 1420 1434 1481 tenentis
1479 1420 1705 1481 dextra
1752 1419 2009 1499 quidem
2056 1420 2376 1499 ingentem
2418 1439 2549 1481 cra·

533 1527 780 1592 teram,
815 1517 981 1593 dum,
1025 1538 1179 1598 prae
1223 1517 1418 1578 nimio
1463 1518 1765 1596 pondere,
1808 1517 1977 1596 quod
2022 1516 2334 1597 Virgilius
2377 1517 2544 1593 olirn,

563 1614 769 1676 fessae
798 1615 1093 1677 subvenit
1123 1616 1303 1676 laeva
1333 1615 1559 1677 sorori.
1639 1614 1809 1675 Huic
1840 1616 2159 1691 sacerdoS,
2194 1614 2546 1695 supplicum

563 1713 968 1775 convivarum
1029 1714 1300 1788 nomine,
1363 1714 1590 1775 cadum
1649 1714 1781 1775 vini
1840 1716 2074 1795 (neque
2117 1713 2286 1776 enim
2339 1713 2549 1775 minus

565 1811 752 1890 capit)
793 1812 1025 1891 iugiter
1067 1812 1357 1874 infundit.
1451 1810 1633 1874 Haec
1664 1821 1873 1874 autern
1907 1812 2031 1873 illis
2060 1811 2400 1892 clepsydra
2429 1821 2542 1886 est,

477 1933 539 1985 15
564 1910 954 1972 moderando
984 1911 1313 1973 convivio:
1361 1920 1701 1991 postquam
1746 1909 1915 1971 enim
1962 1910 2018 1972 is
2052 1929 2317 1990 egerere
2347 1909 2550 1971 desie-

566 2007 660 2083 rit,
697 2008 834 2070 istis
864 2008 1155 2088 ingerere
1184 2009 1411 2089 religio
1443 2015 1561 2071 es't.

649 2106 815 2168 Dein
884 2107 1268 2168 salsamenta
1335 2127 1467 2168 non
1535 2106 1724 2168 unius
1794 2106 2051 2186 generis
2125 2116 2546 2187 apponuntur,

561 2204 888 2283 placentae
932 2204 1172 2281 salitae‚
1207 2205 1507 2281 aleculae,
1541 2215 1603 2265 et
1642 2205 1884 2266 salibus
1927 2224 2161 2267 exesae
2203 2205 2544 2280 chalcideS,

563 2322 799 2382 pernae
854 2303 1190 2383 plusquam
1236 2301 1658 2383 Westphalae
1710 2303 1957 2364 radices
2008 2303 2394 2365 carduorum
2446 2302 2549 2364 sil·

474 2425 541 2463 20
562 2401 886 2478 vestrium,
919 2401 1264 2463 anchoviae
1295 2401 1398 2463 siti
1429 2401 1857 2481 proritandae.

645 2499 812 2560 Tum
870 2500 1080 2562 statim
1136 2501 1327 2581 plena
1375 2501 1831 2563 circumvolant
1887 2503 2131 2581 pocula,
2192 2512 2549 2582 sonantque

563 2618 781 2676 vacua,
831 2607 899 2660 ut
946 2598 1054 2659 vix
1112 2600 1366 2660 demum
1425 2609 1743 2661 statueres
1793 2599 2135 2679 impletane
2192 2599 2425 2661 fuerint
2479 2608 2548 2660 ut

563 2706 1026 2782 evacuarentur
1053 2696 1237 2773 illico,
1274 2716 1356 2758 an
1388 2698 1701 2759 exhausta
1730 2707 1799 2758 ut
1828 2697 2263 2777 implerentur.

652 2793 1135 2857 Praebibiturus
1185 2795 1370 2857 alteri
1428 2795 1679 2857 solenni
1738 2795 2138 2858 cantiuncula
2188 2796 2364 2857 illum
2408 2815 2547 2875 pro·

478 2917 539 2968 25
568 2904 786 2970 vocat;
859 2893 1023 2970 dein,
1087 2894 1330 2956 dextris
1388 2893 1623 2955 arctius
1680 2893 2027 2956 coniunctis
2094 2894 2549 2974 concussisque

565 2991 1023 3067 vehementius,
1085 2991 1446 3071 poculoque
1503 2991 1598 3054 ori
1669 2992 1808 3053 eius
1878 2991 2011 3053 fere
2081 2993 2353 3067 admot0,
2415 3011 2548 3053 rem

564 3089 970 3171 aggreditur:
1015 3099 1078 3152 et
1109 3100 1252 3170 post
1281 3091 1512 3152 multas
1542 3082 2089 3170 interspirationes
2120 3089 2550 3170 remissosque

564 3188 824 3270 spiritus
866 3199 929 3251 et
971 3188 1240 3250 blandas
1284 3189 1852 3251 sermocinationes
1898 3208 2118 3250 ansam
2163 3188 2373 3268 poculi
2419 3208 2548 3249 non

567 3287 803 3351 deserit
820 3288 1025 3349 donec
1048 3297 1243 3349 totum
1268 3288 1555 3367 epotarit.
1626 3288 1768 3351 Pari
1789 3288 1980 3349 modo
2001 3288 2352 3367 respondet
2370 3287 2545 3348 alter.

477 3403 544 3451 30
654 3386 884 3448 Mensa
927 3386 1209 3447 secunda
1247 3385 1505 3447 ferculis
1539 3405 1666 3447 non
1712 3385 1797 3447 ita
1838 3387 2084 3465 magnis
2127 3385 2229 3447 vel
2268 3385 2549 3465 opiparis

568 3485 912 3559 instruitur,
986 3504 1172 3563 quarn
1241 3484 1428 3546 etiarn
1509 3504 1672 3546 nova
1742 3483 2002 3564 potione
2073 3494 2549 3564 contemperare

568 3584 794 3646 solent.

656 3682 925 3747 Demum
957 3691 1020 3743 et
1055 3680 1236 3742 tertia
1268 3680 1593 3742 rarissimo
1626 3681 1915 3742 fruticum
1947 3690 2250 3762 apparatu
2284 3682 2547 3761 pulchre
