2859 4342
600 404 678 480 73
967 402 1367 491 MUNDUS
1426 404 1738 466 ALTER
1804 405 1918 467 ET
1979 382 2207 467 IDEM
2320 404 2477 488 [un.
2516 425 2594 468 111

679 560 899 622 Verbo
934 561 1139 622 dicam
1160 582 1179 637 ;
1219 570 1497 641 quatuor
1535 561 1638 622 hic
1676 563 1928 625 aedium
1967 583 2207 644 genera
2242 564 2597 644 conspexi:

597 658 884 739 Templa,
910 658 1274 735 Coenobia,
1325 659 1743 737 Proseuchas,
1783 660 2175 742 Tuguriola3
2223 682 2370 724 nam
2412 683 2597 742 prae·

595 767 692 819 ter
719 756 1057 838 religiosos
1085 757 1186 820 vel
1219 758 1582 820 mendicant
1611 779 1836 822 omnes
1864 760 1967 823 vel
1996 760 2305 824 serviunt.

681 855 1008 936 Religioni
1051 855 1298 918 cuidam
1346 856 1743 920 devotissimi
1788 878 2015 922 omnes
2065 869 2257 922 sunt:
2305 859 2461 940 quid
2506 871 2597 922 ta-

537 976 568 1026 5
595 976 742 1019 men
785 955 965 1018 cuive
1021 955 1162 1018 Deo
1206 955 1471 1019 credant
1513 957 1763 1020 nescire
1813 957 2211 1038 profitentur,
2257 958 2595 1039 negligunt

595 1055 969 1136 disquirere.
1058 1053 1177 1117 Sat
1205 1054 1333 1118 illis
1363 1064 1462 1117 est
1492 1055 1802 1118 maiorum
1831 1056 2100 1137 vestigia
2127 1057 2330 1137 sequi.

676 1151 948 1234 Templa
997 1153 1252 1233 quidem
1303 1153 1543 1216 habent
1593 1153 1980 1216 cultissima:
2044 1154 2110 1215 in
2156 1155 2330 1234 agris
2374 1164 2592 1217 tamen

594 1252 793 1316 cuivis
822 1251 1014 1333 lapidi
1042 1271 1116 1314 ac
1145 1251 1320 1332 ligno
1355 1251 1680 1332 supplices
1719 1261 2234 1341 prosternuntur,
2269 1252 2591 1334 globulos-

595 1372 720 1433 que
749 1351 994 1431 ligneos
1022 1360 1085 1412 et
1114 1350 1412 1413 sucineos
1442 1351 1698 1431 agitant.

507 1473 568 1508 ιο
680 1448 830 1512 Non
884 1459 977 1511 tot
1033 1449 1172 1510 istic
1223 1450 1430 1530 capita
1489 1461 1666 1531 quot·
1698 1451 1827 1513 divi
1886 1451 2165 1531 (paucOS,
2217 1470 2370 1531 prae
2428 1450 2588 1528 istis,

593 1548 1038 1611 annumeravit
1066 1547 1277 1609 Varro
1305 1548 1631 1610 veteribus
1664 1548 2015 1628 Romanis),
2048 1549 2158 1629 qui
2191 1547 2325 1611 fere
2360 1568 2592 1611 omnes

594 1646 849 1726 lapidei,
880 1646 1092 1727 lignei,
1125 1646 1424 1709 farinacei
1451 1669 1469 1725 ;
1513 1666 1643 1709 non
1681 1646 1915 1709 desunt
1955 1656 2170 1708 tamen
2214 1646 2322 1726 qui
2364 1666 2587 1727 equOS,

594 1764 764 1821 sues,
796 1764 1010 1822 canes,
1039 1745 1104 1806 in
1133 1745 1256 1806 hoc
1285 1745 1433 1807 albo
1465 1754 1801 1825 reponant.

678 1833 879 1918 Quod
898 1845 979 1906 ab
1005 1843 1345 1924 Aegyptiis
1366 1843 1518 1906 olim
1548 1844 1893 1906 factitatum
1915 1843 2200 1924 legimus,
2226 1844 2329 1907 hic
2352 1845 2592 1925 ubique
2625 1924 2630 1929 ι

507 1967 569 2015 15
597 1942 1043 2022 comperimuS‚
1073 1942 1487 2023 superstitum
1521 1942 1717 2005 aedes
1754 1941 2009 2022 negligi,
2041 1943 2369 2005 honestari
2399 1943 2593 2007 funus

596 2061 671 2102 ac
694 2051 1104 2104 monumenta
1121 2051 1537 2103 mortuorum.
1629 2040 1944 2102 Novimus
1972 2040 2373 2121 octingentas
2393 2040 2593 2104 libras

597 2140 708 2201 uni
737 2160 866 2202 non
896 2140 1172 2202 maximo
1202 2140 1410 2202 funeri
1440 2139 1812 2220 insumptaS.

680 2237 810 2300 Hic
841 2259 962 2320 ego
981 2259 1083 2301 me
1106 2239 1428 2319 sepultum
1446 2239 1632 2301 volo:
1677 2246 2001 2319 caveoque
2021 2246 2404 2301 testamento
2428 2238 2594 2301 istuc

600 2338 881 2400 delatum
910 2347 1134 2400 curent
1151 2337 1463 2414 heredes;
1509 2337 1902 2417 comitesque
1921 2336 2075 2419 mibi
2098 2336 2358 2416 adiungi
2382 2336 2591 2417 cupi0,

510 2464 576 2498 20
601 2446 909 2517 quotquot
949 2435 1527 2516 peregrinationem
1568 2435 1733 2497 hanc
1769 2455 1974 2497 meam
2014 2435 2115 2497 vel
2150 2435 2453 2497 damnant
2489 2437 2594 2498 vel

599 2536 745 2617 plus
793 2555 999 2615 aequo
1043 2535 1354 2596 mirantur
1403 2535 1507 2595 vel
1558 2533 1679 2595 sibi
1723 2533 1992 2612 posthac
2038 2532 2402 2595 imitandam
2452 2552 2593 2613 pro-

598 2634 945 2715 posuerint.

682 2731 743 2795 N
749 2753 851 2795 am
908 2743 1164 2814 praeter
1223 2733 1463 2808 taedas,
1526 2732 2000 2795 incensationes
2059 2749 2176 2812 per
2239 2730 2591 2809 circuitum,

601 2833 836 2909 oscula,
869 2832 1389 2912 campanularum
1415 2850 1671 2908 sonum,
1699 2830 2122 2912 aspersioneS,
2149 2849 2314 2910 quae
2340 2829 2596 2893 animae

512 2949 575 3000 25
602 2932 848 3013 pridem
911 2939 1356 2993 exauctoratae
1425 2949 1555 2991 non
1612 2948 1837 3009 parum
1904 2928 2216 3009 prodesse
2271 2932 2591 3007 putantur,

601 3029 1050 3114 parafrenariis
1112 3029 1365 3092 duobus
1428 3026 1587 3090 illud
1638 3047 1719 3090 ex
1776 3027 1919 3107 lege
1981 3026 2106 3089 loci
2162 3025 2469 3088 incumbit
2523 3037 2600 3089 ut

601 3131 854 3194 duobus
909 3128 1183 3192 flabellis
1250 3148 1332 3189 ex
1395 3126 1605 3190 serico
1671 3125 1875 3207 nigro,
1945 3125 2306 3206 insignibus
2361 3127 2602 3188 mortui

601 3230 869 3310 depicto,
923 3248 1177 3291 muscas
1226 3247 1267 3289 a
1309 3225 1621 3295 cadavere
1679 3235 1975 3303 arceant;
2036 3223 2285 3288 etiamsi
2341 3233 2602 3304 tempus

605 3329 878 3392 hiemale
925 3327 1027 3406 sit,
1073 3325 1332 3408 quando
1378 3344 1636 3389 muscae
1690 3344 1915 3387 omnes
1963 3342 2093 3385 non
2139 3322 2351 3385 minus
2402 3341 2601 3402 quam

517 3451 585 3504 30
606 3430 879 3491 cadaver
905 3436 1192 3490 mortuae
1221 3425 1445 3487 iacent.

690 3526 841 3606 Sed,
885 3526 1056 3607 quod
1117 3523 1262 3605 quis
1317 3522 1522 3602 magis
1578 3530 1846 3602 stupeat,
1901 3521 1966 3582 in
2022 3520 2204 3584 Urbe
2262 3518 2602 3584 Maravilla

606 3637 843 3690 certum
908 3635 1008 3688 est
1070 3622 1316 3703 lapides
1384 3621 1622 3699 audire,
1683 3620 2020 3699 lacrimari,
2076 3620 2306 3693 ridere,
2365 3620 2599 3700 pedem

607 3723 934 3804 porrigere
1005 3741 1078 3784 ac
1157 3720 1499 3795 retrahere,
1572 3738 1801 3782 sanare
1869 3720 2145 3795 morbos,
2219 3718 2602 3797 sanguinem
