2859 4342
537 419 621 480 40
911 395 1314 461 MUNDUS
1372 394 1688 458 ALTER
1752 393 1868 456 ET
1929 392 2161 455 IDEM
2292 392 2445 476 [Lm.
2480 412 2531 455 11

541 567 762 619 sarunt
781 577 799 634 ;
861 576 988 637 qua
1044 554 1245 617 semel
1295 554 1526 628 audita,
1588 553 2010 616 convolarunt
2066 552 2292 615 avidae
2335 552 2526 630 civeS,

539 672 766 735 meque
794 654 1073 715 vinctum
1096 651 1408 714 curiosius
1438 652 1801 714 intuentur:
1846 649 1997 711 dum
2028 671 2157 713 una
2186 650 2531 731 raptricum

538 764 921 828 nostrarum,
970 771 1132 832 quae
1188 762 1354 825 tunc,
1403 760 1473 812 ut
1514 749 1865 825 videbatur,
1906 749 2133 811 ducem
2183 749 2330 830 egit,
2376 750 2529 812 dato

538 850 627 912 uti
657 870 823 932 opus
852 860 990 912 erat
1018 848 1253 911 silentii
1283 849 1488 927 signo,
1521 847 1802 928 reliquas
1831 847 2106 910 allocuta
2135 858 2270 911 est:

481 965 508 1013 5
621 947 750 1023 Qui
781 947 924 1023 sim,
955 946 1231 1022 cuiasve,
1264 946 1515 1007 nescire
1553 965 1663 1009 se:
1706 944 2108 1007 solummodo
2137 945 2203 1007 in
2233 954 2361 1007 tam
2389 965 2530 1026 per-

538 1046 706 1108 ditae
751 1044 1032 1125 regionis
1073 1043 1307 1105 finibus
1352 1063 1455 1106 me
1497 1043 2005 1125 deprehensum:
2052 1054 2393 1124 monetque
2438 1056 2524 1122 ut,

537 1153 628 1205 tot
672 1143 992 1224 tantisque
1040 1142 1509 1222 Locanensium
1552 1141 1802 1207 iniuriis
1860 1142 2207 1218 lacessitae,
2254 1142 2338 1204 de
2381 1161 2529 1203 sera

536 1241 792 1304 tandem
822 1241 1104 1304 vindicta
1134 1240 1428 1320 cogitent,
1464 1232 1794 1322 ferantque
1825 1243 1907 1305 de
1936 1260 2039 1302 me
2068 1240 2387 1302 iudicium.

624 1338 762 1420 Ego
801 1351 1055 1421 gentem
1092 1358 1298 1401 meam
1328 1339 1769 1420 rationemque
1800 1338 2054 1415 erroriS,
2088 1338 2320 1419 quibus
2348 1340 2527 1419 potui

454 1454 515 1490 10
537 1437 750 1499 verbis
813 1458 886 1500 ac
945 1437 1248 1518 gestibus,
1313 1437 1763 1516 significabam,
1834 1458 1937 1501 me
2001 1457 2213 1500 rerum
2269 1436 2529 1517 Locani-

544 1555 760 1596 carum
817 1556 1082 1616 prorsus
1136 1536 1445 1618 ignarum,
1498 1547 1561 1597 et
1604 1556 1686 1598 ex
1728 1536 1854 1598 illis
1903 1556 2046 1597 esse
2096 1536 2204 1616 qui
2246 1535 2529 1616 ipsarum

537 1647 602 1698 et
650 1634 833 1696 sexui
879 1646 942 1697 et
990 1636 1165 1715 genti
1214 1636 1378 1697 bene
1427 1653 1683 1714 semper
1747 1634 2130 1706 voluissent3
2194 1634 2527 1714 indignum

537 1752 681 1794 esse
753 1734 977 1795 harum
1035 1733 1374 1797 clementia
1430 1744 1494 1795 et
1562 1732 1891 1795 iustissimi
1953 1732 2281 1813 regiminis
2341 1733 2524 1807 sama,

537 1832 947 1912 peregrinum
998 1832 1333 1908 insontem,
1379 1830 1538 1892 nihil
1582 1851 1861 1910 unquam
1914 1832 1996 1892 de
2035 1830 2317 1910 ipsarum
2368 1851 2526 1892 sexu

454 1948 512 1996 Ι5
539 1930 705 1991 male
734 1930 1043 2006 meritum,
1079 1929 1316 1991 indicta
1342 1948 1554 2005 causa,
1580 1929 1889 1991 damnari.

626 2028 828 2090 Movit
873 2028 1015 2089 illas
1058 2048 1187 2089 non
1229 2047 1454 2108 parum
1505 2037 1630 2088 tam
1683 2027 1956 2107 supplex
2003 2026 2225 2104 oratio,
2273 2037 2528 2109 tamque

540 2146 670 2187 non
713 2126 921 2188 fucata
973 2125 1224 2206 species
1266 2125 1591 2187 veritatis:
1647 2124 1794 2186 vicit
1838 2145 1993 2205 ergo
2036 2125 2290 2187 demum
2335 2128 2529 2188 tutior

538 2224 952 2304 plurimarum
983 2225 1313 2300 sententia,
1328 2223 1610 2286 vinctum
1639 2243 1740 2283 me
1770 2223 2013 2286 scilicet
2035 2223 2100 2284 in
2122 2224 2528 2303 praetoriano

540 2342 814 2399 carcere,
849 2322 1202 2403 Gynaecio,
1237 2322 1641 2397 servandum,
1677 2323 1883 2384 donec
1925 2332 1989 2384 et
2031 2323 2236 2403 patria
2280 2343 2423 2385 mea
2466 2334 2529 2385 et

452 2446 515 2482 20
540 2421 1075 2501 peregrinationis
1106 2419 1461 2481 institutum
1491 2419 1739 2480 senatui
1771 2421 2178 2484 constitisset.

626 2519 754 2581 Hic
803 2540 924 2600 ego
970 2530 1034 2581 et
1078 2519 1332 2599 longam
1381 2528 1448 2579 et
1491 2518 1788 2579 miseram
1833 2518 2068 2580 servivi
2119 2522 2530 2582 servitutem:

542 2639 766 2698 neque,
803 2620 867 2680 ni
913 2638 1013 2680 me
1056 2616 1297 2696 patriae
1339 2635 1520 2677 meae
1562 2617 1751 2695 (quae
1795 2618 2020 2678 merito
2063 2637 2180 2698 per
2218 2628 2526 2680 terrarum

539 2719 758 2778 orbem
790 2716 1227 2779 Feminarum
1279 2714 1458 2777 audit
1506 2713 1874 2790 Paradisus)
1913 2735 2144 2777 nomen
2188 2728 2528 2794 servasset,

541 2815 724 2876 vivus
766 2815 913 2877 hinc
957 2815 1213 2875 demum
1258 2813 1697 2874 excessissem.
1788 2811 2129 2876 Enimvero
2177 2814 2531 2893 Locanicos

453 2938 513 2987 25
544 2923 854 2993 quotquot
896 2912 1402 2992 deprehendunt,
1450 2910 1552 2973 vel
1611 2912 2012 2991 suspendunt
2056 2914 2155 2974 vel
2206 2913 2532 2974 vilissimis

543 3011 764 3072 officiis
815 3010 880 3071 in
934 3009 1054 3070 hoc
1107 3008 1321 3070 infami
1368 3028 1625 3071 carcere
1672 3009 1980 3088 deputare
2031 3012 2252 3086 solent,
2301 3011 2392 3072 sic
2441 3012 2532 3085 ni-

541 3108 769 3169 mirum
818 3108 987 3169 ultae
1039 3106 1448 3187 quotidianas
1466 3107 1657 3168 ..illius
1714 3108 1926 3186 gentis
1984 3108 2266 3171 iniurias
2356 3109 2533 3184 Quot

540 3226 662 3286 ego
694 3206 794 3267 hic
827 3225 955 3268 non
988 3205 1361 3286 ignobilium
1385 3205 1780 3285 captivorum
1803 3205 2070 3283 classes,
2097 3208 2178 3269 ad
2209 3206 2536 3270 Herculea

541 3324 741 3384 pensa
799 3313 1224 3378 senescenteS,
1283 3303 1494 3364 lanam
1541 3314 1894 3383 carpenteS,
1950 3305 2351 3385 staminaque
2408 3317 2534 3382 tor3

437 3422 500 3470 30
542 3413 814 3483 quentes
842 3402 1012 3463 vidi!

628 3501 954 3564 Liberavit
997 3519 1099 3563 me
1140 3501 1398 3563 tandem
1441 3501 1683 3581 patriae
1733 3501 2169 3584 principisque
2214 3523 2336 3565 lam
2380 3505 2532 3565 olim

541 3611 1015 3665 sacrosanctum
1071 3618 1323 3676 nomen,
1372 3619 1505 3661 non
1556 3610 1768 3662 tamen
1818 3601 2095 3662 solutum
2148 3622 2414 3682 prorsus
2469 3613 2533 3664 et

543 3699 901 3760 iniuratum.
1004 3698 1360 3777 Tangenda
1416 3697 1571 3758 mihi
1636 3698 1876 3760 scilicet
1933 3700 2066 3760 Ara
2126 3699 2405 3775 IunoniS,
2468 3714 2535 3763 et
