2859 4342
271 416 416 462 CAP.
448 396 549 482 xv]
999 400 1093 462 VI
1106 399 1500 465 R'AGINIA
1808 436 1812 440 ·
2174 422 2257 484 43

634 633 799 698 CAP.
848 632 966 698 IV.
1050 632 1602 701 V1RAG1NEnsmM
1647 638 1890 704 Omen.

355 794 811 856 Pauclssmar.
868 789 1392 874 Viraginensium
1449 792 1588 855 istic
1646 803 1831 856 natae
1887 804 2034 856 sunt
2056 815 2076 873 ;
2141 795 2255 858 sed

268 891 520 955 aliunde
567 911 606 954 a
656 891 1142 973 quibuscunque
1201 890 1376 954 orbis
1438 901 1648 954 terrae
1703 892 2070 972 regionibus
2133 895 2256 957 huc

270 991 616 1067 confluunt,
650 1010 816 1071 quae
873 999 982 1053 aut
1025 999 1291 1071 propter
1333 988 1593 1052 nimiam
1644 989 1708 1051 in
1745 990 2007 1056 maritos
2042 992 2255 1071 [emei-

266 1098 460 1152 tatem
507 1089 732 1171 pulsae
777 1100 945 1166 sunt,
991 1099 1099 1152 aut
1143 1099 1407 1170 propter
1454 1087 1711 1149 nimiam
1758 1090 2126 1155 maritorum
2149 1091 2255 1153 ,in-

270 1187 672 1251 clementiam
701 1197 764 1250 et
797 1187 1177 1269 zelotypiam
1205 1197 1435 1268 sponte
1462 1187 1853 1251 exsularunt.
2309 1224 2339 1273 5

350 1286 681 1366 Quotquot
708 1283 1079 1348 maritorum
1120 1305 1381 1349 suorum
1409 1285 1727 1365 dominae,
1760 1285 1975 1350 iniusti
2008 1287 2258 1369 imperii

265 1404 475 1462 causa,
504 1405 541 1447 e
562 1384 795 1446 finibus
824 1383 960 1447 suis
981 1403 1110 1446 una
1131 1404 1273 1446 curn
1297 1382 1451 1446 viris
1474 1385 1712 1448 eiectae
1736 1386 1858 1447 huc
1876 1385 2253 1468 appulerint,

269 1482 332 1545 in
361 1482 614 1546 extimis
643 1482 825 1562 regni
868 1481 1017 1559 oris,
1051 1482 1159 1544 illa
1186 1483 1564 1563 praesertim
1594 1494 1775 1564 parte
1808 1504 1972 1565 quae
2003 1485 2254 1566 Gynan·

266 1581 405 1644 dria
447 1581 549 1643 vel
596 1579 951 1643 Amazonia
995 1578 1164 1643 dicta
1215 1593 1330 1657 est,
1383 1583 1575 1643 urbes
1630 1581 1908 1697 munitas
1953 1583 2253 1662 incolunt,

265 1680 626 1761 militesque
655 1688 854 1760 agunt
883 1679 1353 1760 praesidiariaS.
2289 1708 2348 1743 10

350 1779 626 1844 Exsules
653 1799 809 1843 vero
834 1788 1249 1859 spontaneae,
1277 1798 1442 1858 quae
1464 1778 1853 1841 imbelliores
1881 1777 2256 1861 plerumque

266 1890 415 1941 sunt
458 1888 522 1942 et
562 1877 754 1940 animi
798 1875 1122 1953 mollioriS,
1170 1876 1236 1937 in
1281 1876 1420 1957 ipso
1466 1876 1646 1959 regni
1690 1876 1986 1941 umbilico
2035 1898 2255 1960 pacem

267 1977 483 2040 colunt
511 1986 574 2039 et
602 1975 888 2038 formam.

352 2075 581 2157 Neque
639 2085 736 2137 est
783 2074 956 2155 quod
1006 2093 1230 2153 speres
1289 2073 1739 2156 rempublicam
1790 2086 1920 2138 tam
1976 2074 2256 2139 incertae

267 2173 534 2256 originis
569 2173 911 2253 aliquando
942 2192 1096 2253 prae
1126 2172 1359 2235 civium
1387 2173 1704 2253 paucitate
1732 2173 2119 2252 desituram;
2164 2184 2255 2238 tot
2286 2193 2374 2261 15,

268 2273 435 2335 enim
508 2274 631 2335 huc
702 2270 909 2334 indies
972 2282 1403 2352 aggregantur
1473 2272 1818 2349 ultroneae,
1880 2273 2251 2354 praesertim

267 2370 636 2451 municipes,
670 2381 739 2432 ut
779 2370 1128 2433 verendum
1163 2369 1244 2432 sit
1273 2369 1487 2451 potius
1525 2389 1608 2433 ne
1642 2371 1858 2435 nullus
1894 2371 2072 2434 brevi
2114 2372 2258 2433 reli-

269 2490 432 2550 quus
461 2469 710 2531 futurus
740 2469 823 2530 sit
853 2469 1038 2532 novis
1066 2467 1309 2530 civibus
1338 2469 1774 2532 commorandi
1802 2469 2001 2534 locus,

354 2568 493 2648 Ego
545 2578 716 2630 certe
768 2566 933 2630 male
977 2577 1210 2644 metuo,
1251 2588 1334 2630 ne
1375 2568 1484 2629 ubi
1527 2568 1884 2631 istiusmodi
1928 2568 2108 2648 regio
2151 2587 2257 2629 no·

271 2667 574 2729 stratibus
613 2664 866 2728 feminis
904 2665 1150 2727 calamo
1192 2686 1335 2729 meo
1377 2664 1738 2744 innotuerit,
1769 2665 1877 2728 vix
1918 2667 2048 2729 ulla
2082 2664 2256 2727 domi
2288 2688 2351 2724 20

270 2784 571 2828 mansura
609 2763 710 2842 sit,
743 2762 1017 2845 proximi
1059 2764 1296 2826 saeculi
1335 2784 1517 2845 spem
1554 2783 1672 2827 sua
1700 2764 2082 2827 fecunditate
2111 2782 2259 2825 con-

270 2873 635 2927 servatura:

847 3062 1012 3127 CAP.
1057 3062 1138 3126 V.
1232 3064 1679 3127 APHRomsm.

356 3220 619 3284 ExmnE
663 3219 875 3301 igitur,
905 3219 1121 3301 regiae
1148 3220 1326 3284 urbis
1354 3221 1703 3302 diplomate
1730 3221 2095 3301 instructuS,
2126 3243 2261 3305 per·

269 3319 408 3384 rexi
446 3340 640 3401 porro
680 3319 761 3382 ad
801 3317 1366 3400 septentrionalem
1396 3317 1770 3400 Viraginiae
1797 3332 2059 3402 partem,
2094 3342 2260 3404 quae

274 3418 623 3498 Locaniam
670 3427 931 3499 spectat,
972 3417 1451 3500 Aphrodisiam,
1494 3428 1731 3481 terram
1775 3418 1991 3482 hercle
2032 3419 2350 3494 floren-„⁸5

270 3517 596 3581 tissimam.

356 3615 414 3678 N
423 3636 497 3679 ec
516 3614 650 3678 scio
668 3625 823 3696 quot
841 3614 1135 3678 milliaria
1156 3617 1238 3677 ab
1253 3613 1476 3681 Erotio
1490 3612 1954 3683 veunnantina
1970 3617 2262 3701 proxima

269 3714 553 3796 regionis
582 3716 739 3777 urbe
769 3714 1068 3778 distarem
1102 3734 1255 3778 snum
1286 3714 1733 3779 iucundissimi
1764 3716 1983 3780 odoris
2025 3717 2260 3782 halitus
