<?xml version="1.0" encoding="UTF-8"?>
<!DOCTYPE html PUBLIC "-//W3C//DTD XHTML 1.0 Transitional//EN"
    "http://www.w3.org/TR/xhtml1/DTD/xhtml1-transitional.dtd">
<html xmlns="http://www.w3.org/1999/xhtml" xml:lang="en" lang="en">
 <head>
  <title>
</title>
<meta http-equiv="Content-Type" content="text/html;charset=utf-8" />
  <meta name='ocr-system' content='tesseract 3.04.00' />
  <meta name='ocr-capabilities' content='ocr_page ocr_carea ocr_par ocr_line ocrx_word'/>
</head>
<body>
  <div class='ocr_page' id='page_1' title='image "./mundusalteretit00andegoog_0038.png"; bbox 0 0 2859 4342; ppageno 0'>
   <div class='ocr_carea' id='block_1_1' title="bbox 565 438 2542 523">
    <p class='ocr_par' dir='ltr' id='par_1_1' title="bbox 565 438 2542 523">
     <span class='ocr_line' id='line_1_1' title="bbox 565 438 2542 523; baseline -0.001 -21"><span class='ocrx_word' id='word_1_1' title='bbox 565 441 642 503; x_wconf 83' lang='lat'><strong>18</strong></span> <span class='ocrx_word' id='word_1_2' title='bbox 902 438 1329 519; x_wconf 9' lang='lat' dir='ltr'><strong>,MUNDUS</strong></span> <span class='ocrx_word' id='word_1_3' title='bbox 1387 439 1698 502; x_wconf 86' lang='lat' dir='ltr'><strong>ALTER</strong></span> <span class='ocrx_word' id='word_1_4' title='bbox 1761 438 1875 502; x_wconf 89' lang='lat' dir='ltr'><strong>ET</strong></span> <span class='ocrx_word' id='word_1_5' title='bbox 1937 439 2167 501; x_wconf 88' lang='lat' dir='ltr'>IDEM</span> <span class='ocrx_word' id='word_1_6' title='bbox 2340 439 2542 523; x_wconf 83' lang='lat' dir='ltr'><strong>[LIB.1</strong></span> 
     </span>
    </p>
   </div>
   <div class='ocr_carea' id='block_1_2' title="bbox 482 599 2645 2062">
    <p class='ocr_par' dir='ltr' id='par_1_2' title="bbox 482 599 2645 2062">
     <span class='ocr_line' id='line_1_2' title="bbox 648 599 2553 687; baseline 0.002 -26"><span class='ocrx_word' id='word_1_7' title='bbox 648 599 795 662; x_wconf 90' lang='lat' dir='ltr'><strong>Dux</strong></span> <span class='ocrx_word' id='word_1_8' title='bbox 852 599 1058 662; x_wconf 90' lang='lat' dir='ltr'><strong>avium</strong></span> <span class='ocrx_word' id='word_1_9' title='bbox 1115 600 1558 683; x_wconf 73' lang='lat' dir='ltr'><strong>animadvertit</strong></span> <span class='ocrx_word' id='word_1_10' title='bbox 1613 600 1734 662; x_wconf 92' lang='lat' dir='ltr'><strong>sibi</strong></span> <span class='ocrx_word' id='word_1_11' title='bbox 1792 600 2092 679; x_wconf 86' lang='lat' dir='ltr'>praedam</span> <span class='ocrx_word' id='word_1_12' title='bbox 2152 610 2214 662; x_wconf 94' lang='lat' dir='ltr'><strong>et</strong></span> <span class='ocrx_word' id='word_1_13' title='bbox 2270 620 2352 662; x_wconf 90' lang='lat' dir='ltr'><strong>ex</strong></span> <span class='ocrx_word' id='word_1_14' title='bbox 2409 611 2553 687; x_wconf 79' lang='lat' dir='ltr'><strong>toto</strong></span> 
     </span>
     <span class='ocr_line' id='line_1_3' title="bbox 482 698 2547 780; baseline 0.001 -21"><span class='ocrx_word' id='word_1_15' title='bbox 482 764 485 768; x_wconf 60' lang='grc'><strong>,</strong></span> <span class='ocrx_word' id='word_1_16' title='bbox 561 698 811 778; x_wconf 84' lang='lat' dir='ltr'><strong>agmine</strong></span> <span class='ocrx_word' id='word_1_17' title='bbox 848 699 1057 780; x_wconf 84' lang='lat' dir='ltr'><strong>seligit</strong></span> <span class='ocrx_word' id='word_1_18' title='bbox 1093 699 1391 779; x_wconf 91' lang='lat' dir='ltr'><strong>quicquid</strong></span> <span class='ocrx_word' id='word_1_19' title='bbox 1422 699 1634 779; x_wconf 89' lang='lat' dir='ltr'><strong>palato</strong></span> <span class='ocrx_word' id='word_1_20' title='bbox 1664 699 1935 761; x_wconf 85' lang='lat' dir='ltr'><strong>maxime</strong></span> <span class='ocrx_word' id='word_1_21' title='bbox 1966 698 2268 761; x_wconf 89' lang='lat' dir='ltr'><strong>arriserit.</strong></span> <span class='ocrx_word' id='word_1_22' title='bbox 2355 699 2547 761; x_wconf 93' lang='lat' dir='ltr'><strong>Nunc</strong></span> 
     </span>
     <span class='ocr_line' id='line_1_4' title="bbox 562 796 2547 878; baseline 0.002 -21"><span class='ocrx_word' id='word_1_23' title='bbox 562 796 723 859; x_wconf 91' lang='lat' dir='ltr'><strong>duos</strong></span> <span class='ocrx_word' id='word_1_24' title='bbox 751 798 966 873; x_wconf 90' lang='lat' dir='ltr'><strong>boves,</strong></span> <span class='ocrx_word' id='word_1_25' title='bbox 1000 818 1167 859; x_wconf 88' lang='lat' dir='ltr'><strong>nunc</strong></span> <span class='ocrx_word' id='word_1_26' title='bbox 1214 798 1620 878; x_wconf 85' lang='lat' dir='ltr'><strong>elephantum</strong></span> <span class='ocrx_word' id='word_1_27' title='bbox 1658 798 1837 878; x_wconf 89' lang='lat' dir='ltr'><strong>rapit.</strong></span> <span class='ocrx_word' id='word_1_28' title='bbox 1930 797 2094 858; x_wconf 90' lang='lat' dir='ltr'><strong>Dein</strong></span> <span class='ocrx_word' id='word_1_29' title='bbox 2125 797 2334 859; x_wconf 87' lang='lat' dir='ltr'><strong>statim</strong></span> <span class='ocrx_word' id='word_1_30' title='bbox 2366 798 2547 860; x_wconf 88' lang='lat' dir='ltr'><strong>alites</strong></span> 
     </span>
     <span class='ocr_line' id='line_1_5' title="bbox 565 896 2548 978; baseline 0.002 -23"><span class='ocrx_word' id='word_1_31' title='bbox 565 896 807 975; x_wconf 85' lang='lat' dir='ltr'><strong>reliqui,</strong></span> <span class='ocrx_word' id='word_1_32' title='bbox 852 915 968 976; x_wconf 91' lang='lat' dir='ltr'><strong>pro</strong></span> <span class='ocrx_word' id='word_1_33' title='bbox 1011 917 1129 958; x_wconf 92' lang='lat' dir='ltr'><strong>suo</strong></span> <span class='ocrx_word' id='word_1_34' title='bbox 1174 897 1443 976; x_wconf 89' lang='lat' dir='ltr'><strong>quisque</strong></span> <span class='ocrx_word' id='word_1_35' title='bbox 1507 896 1804 976; x_wconf 89' lang='lat' dir='ltr'><strong>appetitu,</strong></span> <span class='ocrx_word' id='word_1_36' title='bbox 1853 897 1916 957; x_wconf 92' lang='lat' dir='ltr'><strong>in</strong></span> <span class='ocrx_word' id='word_1_37' title='bbox 1966 897 2279 976; x_wconf 90' lang='lat' dir='ltr'><strong>reliquum</strong></span> <span class='ocrx_word' id='word_1_38' title='bbox 2322 918 2548 978; x_wconf 86' lang='lat' dir='ltr'><strong>agmen</strong></span> 
     </span>
     <span class='ocr_line' id='line_1_6' title="bbox 509 993 2548 1075; baseline 0 -19"><span class='ocrx_word' id='word_1_39' title='bbox 509 993 849 1072; x_wconf 86' lang='lat' dir='ltr'><strong>5irruunt;</strong></span> <span class='ocrx_word' id='word_1_40' title='bbox 914 994 1082 1056; x_wconf 91' lang='lat' dir='ltr'><strong>hunc</strong></span> <span class='ocrx_word' id='word_1_41' title='bbox 1138 995 1352 1071; x_wconf 93' lang='lat' dir='ltr'><strong>vitulo,</strong></span> <span class='ocrx_word' id='word_1_42' title='bbox 1414 995 1588 1055; x_wconf 90' lang='lat' dir='ltr'><strong>illum</strong></span> <span class='ocrx_word' id='word_1_43' title='bbox 1644 1015 1833 1074; x_wconf 89' lang='lat' dir='ltr'><strong>agn0,</strong></span> <span class='ocrx_word' id='word_1_44' title='bbox 1881 1006 2037 1075; x_wconf 80' lang='lat' dir='ltr'><strong>apr‘o</strong></span> <span class='ocrx_word' id='word_1_45' title='bbox 2094 995 2302 1070; x_wconf 89' lang='lat' dir='ltr'><strong>alium,</strong></span> <span class='ocrx_word' id='word_1_46' title='bbox 2357 996 2548 1057; x_wconf 91' lang='lat' dir='ltr'><strong>alium</strong></span> 
     </span>
     <span class='ocr_line' id='line_1_7' title="bbox 564 1093 2547 1174; baseline 0.002 -21"><span class='ocrx_word' id='word_1_47' title='bbox 564 1113 793 1154; x_wconf 89' lang='lat' dir='ltr'><strong>ansere</strong></span> <span class='ocrx_word' id='word_1_48' title='bbox 821 1094 923 1155; x_wconf 90' lang='lat' dir='ltr'><strong>vel</strong></span> <span class='ocrx_word' id='word_1_49' title='bbox 968 1113 1173 1174; x_wconf 89' lang='lat' dir='ltr'><strong>cygno</strong></span> <span class='ocrx_word' id='word_1_50' title='bbox 1203 1094 1422 1155; x_wconf 90' lang='lat' dir='ltr'><strong>videas</strong></span> <span class='ocrx_word' id='word_1_51' title='bbox 1466 1103 1784 1154; x_wconf 87' lang='lat' dir='ltr'><strong>onustum.</strong></span> <span class='ocrx_word' id='word_1_52' title='bbox 1873 1093 2022 1169; x_wconf 83' lang='lat' dir='ltr'><strong>Quo</strong></span> <span class='ocrx_word' id='word_1_53' title='bbox 2066 1094 2337 1156; x_wconf 91' lang='lat' dir='ltr'><strong>subinde</strong></span> <span class='ocrx_word' id='word_1_54' title='bbox 2367 1093 2547 1169; x_wconf 84' lang='lat' dir='ltr'><strong>fact0,</strong></span> 
     </span>
     <span class='ocr_line' id='line_1_8' title="bbox 566 1190 2552 1271; baseline 0.002 -19"><span class='ocrx_word' id='word_1_55' title='bbox 566 1211 804 1267; x_wconf 78' lang='lat' dir='ltr'><strong>omneS,</strong></span> <span class='ocrx_word' id='word_1_56' title='bbox 839 1212 969 1253; x_wconf 92' lang='lat' dir='ltr'><strong>non</strong></span> <span class='ocrx_word' id='word_1_57' title='bbox 1001 1192 1139 1254; x_wconf 91' lang='lat' dir='ltr'><strong>sine</strong></span> <span class='ocrx_word' id='word_1_58' title='bbox 1169 1212 1402 1254; x_wconf 88' lang='lat' dir='ltr'><strong>canora</strong></span> <span class='ocrx_word' id='word_1_59' title='bbox 1443 1191 1662 1271; x_wconf 92' lang='lat' dir='ltr'><strong>populi</strong></span> <span class='ocrx_word' id='word_1_60' title='bbox 1692 1190 2155 1269; x_wconf 88' lang='lat' dir='ltr'><strong>acclamatione,</strong></span> <span class='ocrx_word' id='word_1_61' title='bbox 2190 1193 2445 1255; x_wconf 89' lang='lat' dir='ltr'><strong>avolant</strong></span> <span class='ocrx_word' id='word_1_62' title='bbox 2490 1204 2552 1255; x_wconf 88' lang='lat' dir='ltr'><strong>et</strong></span> 
     </span>
     <span class='ocr_line' id='line_1_9' title="bbox 565 1289 1553 1370; baseline 0.001 -19"><span class='ocrx_word' id='word_1_63' title='bbox 565 1290 943 1370; x_wconf 88' lang='lat' dir='ltr'><strong>intuentium</strong></span> <span class='ocrx_word' id='word_1_64' title='bbox 976 1291 1194 1352; x_wconf 92' lang='lat' dir='ltr'><strong>oculos</strong></span> <span class='ocrx_word' id='word_1_65' title='bbox 1224 1289 1553 1370; x_wconf 88' lang='lat' dir='ltr'><strong>effugiunt.</strong></span> 
     </span>
     <span class='ocr_line' id='line_1_10' title="bbox 651 1388 2553 1470; baseline 0.003 -21"><span class='ocrx_word' id='word_1_66' title='bbox 651 1388 972 1469; x_wconf 83' lang='lat' dir='ltr'><strong>Quicquid</strong></span> <span class='ocrx_word' id='word_1_67' title='bbox 1003 1399 1311 1470; x_wconf 87' lang='lat' dir='ltr'><strong>superest,</strong></span> <span class='ocrx_word' id='word_1_68' title='bbox 1336 1388 1508 1468; x_wconf 90' lang='lat' dir='ltr'><strong>quod</strong></span> <span class='ocrx_word' id='word_1_69' title='bbox 1537 1408 1693 1451; x_wconf 88' lang='lat' dir='ltr'><strong>sane</strong></span> <span class='ocrx_word' id='word_1_70' title='bbox 1722 1389 2062 1469; x_wconf 88' lang='lat' dir='ltr'><strong>plurimum</strong></span> <span class='ocrx_word' id='word_1_71' title='bbox 2092 1400 2159 1451; x_wconf 91' lang='lat' dir='ltr'><strong>ut</strong></span> <span class='ocrx_word' id='word_1_72' title='bbox 2186 1390 2269 1452; x_wconf 90' lang='lat' dir='ltr'><strong>sit</strong></span> <span class='ocrx_word' id='word_1_73' title='bbox 2291 1410 2553 1454; x_wconf 90' lang='lat' dir='ltr'><strong>necesse</strong></span> 
     </span>
     <span class='ocr_line' id='line_1_11' title="bbox 486 1486 2645 1567; baseline 0.003 -21"><span class='ocrx_word' id='word_1_74' title='bbox 486 1511 549 1547; x_wconf 84' lang='lat'><strong>10</strong></span> <span class='ocrx_word' id='word_1_75' title='bbox 572 1496 684 1563; x_wconf 88' lang='lat' dir='ltr'><strong>est,</strong></span> <span class='ocrx_word' id='word_1_76' title='bbox 733 1498 801 1549; x_wconf 94' lang='lat' dir='ltr'><strong>ut</strong></span> <span class='ocrx_word' id='word_1_77' title='bbox 857 1487 966 1548; x_wconf 91' lang='lat' dir='ltr'><strong>illo</strong></span> <span class='ocrx_word' id='word_1_78' title='bbox 1016 1487 1154 1566; x_wconf 90' lang='lat' dir='ltr'><strong>ipso</strong></span> <span class='ocrx_word' id='word_1_79' title='bbox 1200 1488 1303 1548; x_wconf 94' lang='lat' dir='ltr'><strong>die</strong></span> <span class='ocrx_word' id='word_1_80' title='bbox 1350 1508 1387 1548; x_wconf 91' lang='lat' dir='ltr'><strong>a</strong></span> <span class='ocrx_word' id='word_1_81' title='bbox 1436 1488 1673 1567; x_wconf 91' lang='lat' dir='ltr'><strong>populo</strong></span> <span class='ocrx_word' id='word_1_82' title='bbox 1731 1486 1869 1549; x_wconf 91' lang='lat' dir='ltr'><strong>istic</strong></span> <span class='ocrx_word' id='word_1_83' title='bbox 1920 1488 2356 1551; x_wconf 87' lang='lat' dir='ltr'><strong>discumbente</strong></span> <span class='ocrx_word' id='word_1_84' title='bbox 2413 1510 2555 1552; x_wconf 92' lang='lat' dir='ltr'><strong>con·</strong></span> <span class='ocrx_word' id='word_1_85' title='bbox 2640 1490 2645 1495; x_wconf 75' lang='grc'><strong>’</strong></span> 
     </span>
     <span class='ocr_line' id='line_1_12' title="bbox 569 1572 2557 1667; baseline 0.002 -19"><span class='ocrx_word' id='word_1_86' title='bbox 569 1596 855 1648; x_wconf 89' lang='lat' dir='ltr'><strong>sumatur</strong></span> <span class='ocrx_word' id='word_1_87' title='bbox 881 1585 1185 1666; x_wconf 87' lang='lat' dir='ltr'><strong>praecipit</strong></span> <span class='ocrx_word' id='word_1_88' title='bbox 1229 1585 1431 1666; x_wconf 90' lang='lat' dir='ltr'><strong>pietas</strong></span> <span class='ocrx_word' id='word_1_89' title='bbox 1451 1606 1468 1662; x_wconf 86' lang='lat'>;</span> <span class='ocrx_word' id='word_1_90' title='bbox 1492 1572 1641 1665; x_wconf 59' lang='lat' dir='ltr'><strong>&#39;quo</strong></span> <span class='ocrx_word' id='word_1_91' title='bbox 1668 1585 1761 1648; x_wconf 92' lang='lat' dir='ltr'><strong>sic</strong></span> <span class='ocrx_word' id='word_1_92' title='bbox 1789 1607 1858 1648; x_wconf 93' lang='lat' dir='ltr'><strong>se</strong></span> <span class='ocrx_word' id='word_1_93' title='bbox 1890 1587 2155 1649; x_wconf 91' lang='lat' dir='ltr'><strong>nimium</strong></span> <span class='ocrx_word' id='word_1_94' title='bbox 2186 1588 2451 1667; x_wconf 86' lang='lat' dir='ltr'><strong>replent,</strong></span> <span class='ocrx_word' id='word_1_95' title='bbox 2486 1599 2557 1653; x_wconf 90' lang='lat' dir='ltr'><strong>ut</strong></span> 
     </span>
     <span class='ocr_line' id='line_1_13' title="bbox 569 1683 2556 1765; baseline 0.002 -20"><span class='ocrx_word' id='word_1_96' title='bbox 569 1704 685 1765; x_wconf 89' lang='lat' dir='ltr'><strong>per</strong></span> <span class='ocrx_word' id='word_1_97' title='bbox 726 1683 867 1746; x_wconf 91' lang='lat' dir='ltr'><strong>dies</strong></span> <span class='ocrx_word' id='word_1_98' title='bbox 909 1684 1042 1752; x_wconf 86' lang='lat' dir='ltr'><strong>fere</strong></span> <span class='ocrx_word' id='word_1_99' title='bbox 1085 1685 1504 1765; x_wconf 88' lang='lat' dir='ltr'><strong>quadraginta</strong></span> <span class='ocrx_word' id='word_1_100' title='bbox 1544 1705 1798 1746; x_wconf 90' lang='lat' dir='ltr'><strong>carnem</strong></span> <span class='ocrx_word' id='word_1_101' title='bbox 1845 1684 2183 1761; x_wconf 88' lang='lat' dir='ltr'><strong>fastidiant,</strong></span> <span class='ocrx_word' id='word_1_102' title='bbox 2216 1696 2279 1746; x_wconf 91' lang='lat' dir='ltr'><strong>et</strong></span> <span class='ocrx_word' id='word_1_103' title='bbox 2322 1687 2556 1749; x_wconf 87' lang='lat' dir='ltr'><strong>exinde</strong></span> 
     </span>
     <span class='ocr_line' id='line_1_14' title="bbox 569 1782 2557 1864; baseline 0.003 -21"><span class='ocrx_word' id='word_1_104' title='bbox 569 1782 850 1862; x_wconf 92' lang='lat' dir='ltr'><strong>piscibus</strong></span> <span class='ocrx_word' id='word_1_105' title='bbox 905 1794 1252 1857; x_wconf 89' lang='lat' dir='ltr'><strong>vescantur,</strong></span> <span class='ocrx_word' id='word_1_106' title='bbox 1305 1803 1448 1845; x_wconf 89' lang='lat' dir='ltr'><strong>curn</strong></span> <span class='ocrx_word' id='word_1_107' title='bbox 1507 1795 1573 1845; x_wconf 90' lang='lat' dir='ltr'><strong>ut</strong></span> <span class='ocrx_word' id='word_1_108' title='bbox 1627 1803 1699 1845; x_wconf 90' lang='lat' dir='ltr'><strong>se</strong></span> <span class='ocrx_word' id='word_1_109' title='bbox 1758 1790 2045 1846; x_wconf 89' lang='lat' dir='ltr'><strong>recreent</strong></span> <span class='ocrx_word' id='word_1_110' title='bbox 2102 1783 2557 1864; x_wconf 88' lang='lat' dir='ltr'><strong>aliquantulum</strong></span> 
     </span>
     <span class='ocr_line' id='line_1_15' title="bbox 572 1881 2560 1959; baseline 0.003 -18"><span class='ocrx_word' id='word_1_111' title='bbox 572 1891 745 1942; x_wconf 89' lang='lat' dir='ltr'><strong>tanta</strong></span> <span class='ocrx_word' id='word_1_112' title='bbox 800 1881 1181 1944; x_wconf 88' lang='lat' dir='ltr'><strong>ferculorum</strong></span> <span class='ocrx_word' id='word_1_113' title='bbox 1237 1881 1558 1959; x_wconf 87' lang='lat' dir='ltr'><strong>varietate,</strong></span> <span class='ocrx_word' id='word_1_114' title='bbox 1608 1891 1740 1944; x_wconf 91' lang='lat' dir='ltr'><strong>tum</strong></span> <span class='ocrx_word' id='word_1_115' title='bbox 1788 1891 1856 1943; x_wconf 89' lang='lat' dir='ltr'><strong>ut</strong></span> <span class='ocrx_word' id='word_1_116' title='bbox 1911 1902 1990 1944; x_wconf 93' lang='lat' dir='ltr'><strong>eo</strong></span> <span class='ocrx_word' id='word_1_117' title='bbox 2045 1882 2290 1945; x_wconf 90' lang='lat' dir='ltr'><strong>acriore</strong></span> <span class='ocrx_word' id='word_1_118' title='bbox 2346 1883 2560 1947; x_wconf 89' lang='lat' dir='ltr'><strong>animo</strong></span> 
     </span>
     <span class='ocr_line' id='line_1_16' title="bbox 488 1980 1845 2062; baseline 0.001 -21"><span class='ocrx_word' id='word_1_119' title='bbox 488 1996 547 2048; x_wconf 83' lang='lat'><strong>15</strong></span> <span class='ocrx_word' id='word_1_120' title='bbox 576 1999 828 2042; x_wconf 91' lang='lat' dir='ltr'><strong>carnem</strong></span> <span class='ocrx_word' id='word_1_121' title='bbox 858 1980 967 2043; x_wconf 92' lang='lat' dir='ltr'><strong>diu</strong></span> <span class='ocrx_word' id='word_1_122' title='bbox 997 1981 1347 2062; x_wconf 89' lang='lat' dir='ltr'><strong>neglectam</strong></span> <span class='ocrx_word' id='word_1_123' title='bbox 1377 1981 1845 2061; x_wconf 84' lang='lat' dir='ltr'><strong>aggrediantur.</strong></span> 
     </span>
    </p>
   </div>
   <div class='ocr_carea' id='block_1_3' title="bbox 892 2209 2181 2276">
    <p class='ocr_par' dir='ltr' id='par_1_3' title="bbox 892 2209 2181 2276">
     <span class='ocr_line' id='line_1_17' title="bbox 892 2209 2181 2276; baseline 0.002 -4"><span class='ocrx_word' id='word_1_124' title='bbox 892 2210 1093 2273; x_wconf 80' lang='lat' dir='ltr'><strong>.CAP.</strong></span> <span class='ocrx_word' id='word_1_125' title='bbox 1138 2211 1260 2273; x_wconf 88' lang='lat' dir='ltr'><strong>XI.</strong></span> <span class='ocrx_word' id='word_1_126' title='bbox 1352 2211 1643 2274; x_wconf 70' lang='lat' dir='ltr'><strong>ELEc‘rxo</strong></span> <span class='ocrx_word' id='word_1_127' title='bbox 1690 2209 1920 2273; x_wconf 69' lang='lat' dir='ltr'><strong>MAom</strong></span> <span class='ocrx_word' id='word_1_128' title='bbox 1971 2213 2181 2276; x_wconf 80' lang='lat' dir='ltr'><strong>Ducis</strong></span> 
     </span>
    </p>
   </div>
   <div class='ocr_carea' id='block_1_4' title="bbox 495 2361 2571 3825">
    <p class='ocr_par' dir='ltr' id='par_1_4' title="bbox 579 2361 2564 2640">
     <span class='ocr_line' id='line_1_18' title="bbox 664 2361 2563 2443; baseline 0.001 -19"><span class='ocrx_word' id='word_1_129' title='bbox 664 2363 950 2425; x_wconf 77' lang='lat' dir='ltr'><strong>FEs&#39;rmo</strong></span> <span class='ocrx_word' id='word_1_130' title='bbox 1007 2363 1088 2424; x_wconf 91' lang='lat' dir='ltr'><strong>ad</strong></span> <span class='ocrx_word' id='word_1_131' title='bbox 1135 2361 1438 2440; x_wconf 91' lang='lat' dir='ltr'><strong>palatium</strong></span> <span class='ocrx_word' id='word_1_132' title='bbox 1503 2363 1723 2442; x_wconf 85' lang='lat' dir='ltr'><strong>Magni</strong></span> <span class='ocrx_word' id='word_1_133' title='bbox 1774 2363 1987 2439; x_wconf 87' lang='lat' dir='ltr'><strong>Ducis,</strong></span> <span class='ocrx_word' id='word_1_134' title='bbox 2049 2384 2175 2443; x_wconf 93' lang='lat' dir='ltr'><strong>quo</strong></span> <span class='ocrx_word' id='word_1_135' title='bbox 2234 2384 2336 2426; x_wconf 92' lang='lat' dir='ltr'><strong>me</strong></span> <span class='ocrx_word' id='word_1_136' title='bbox 2380 2364 2563 2426; x_wconf 90' lang='lat' dir='ltr'><strong>duxit</strong></span> 
     </span>
     <span class='ocr_line' id='line_1_19' title="bbox 579 2461 2564 2544; baseline 0.002 -22"><span class='ocrx_word' id='word_1_137' title='bbox 579 2482 759 2524; x_wconf 88' lang='lat' dir='ltr'><strong>meus</strong></span> <span class='ocrx_word' id='word_1_138' title='bbox 789 2461 1037 2524; x_wconf 90' lang='lat' dir='ltr'><strong>Genius</strong></span> <span class='ocrx_word' id='word_1_139' title='bbox 1067 2461 1350 2538; x_wconf 86' lang='lat' dir='ltr'><strong>feliciter,</strong></span> <span class='ocrx_word' id='word_1_140' title='bbox 1381 2461 1493 2524; x_wconf 91' lang='lat' dir='ltr'><strong>illo</strong></span> <span class='ocrx_word' id='word_1_141' title='bbox 1524 2462 1664 2542; x_wconf 91' lang='lat' dir='ltr'><strong>ipso</strong></span> <span class='ocrx_word' id='word_1_142' title='bbox 1694 2462 1797 2525; x_wconf 92' lang='lat' dir='ltr'><strong>die</strong></span> <span class='ocrx_word' id='word_1_143' title='bbox 1828 2483 1955 2543; x_wconf 92' lang='lat' dir='ltr'><strong>quo</strong></span> <span class='ocrx_word' id='word_1_144' title='bbox 1998 2483 2204 2525; x_wconf 92' lang='lat' dir='ltr'><strong>novus</strong></span> <span class='ocrx_word' id='word_1_145' title='bbox 2238 2463 2564 2544; x_wconf 79' lang='lat' dir='ltr'><strong>princepS,</strong></span> 
     </span>
     <span class='ocr_line' id='line_1_20' title="bbox 580 2559 1512 2640; baseline 0.002 -19"><span class='ocrx_word' id='word_1_146' title='bbox 580 2579 697 2640; x_wconf 90' lang='lat' dir='ltr'><strong>pro</strong></span> <span class='ocrx_word' id='word_1_147' title='bbox 727 2580 903 2622; x_wconf 91' lang='lat' dir='ltr'><strong>more</strong></span> <span class='ocrx_word' id='word_1_148' title='bbox 932 2559 1126 2640; x_wconf 87' lang='lat' dir='ltr'><strong>regni,</strong></span> <span class='ocrx_word' id='word_1_149' title='bbox 1159 2561 1512 2623; x_wconf 90' lang='lat' dir='ltr'><strong>creabatur.</strong></span> 
     </span>
    </p>

    <p class='ocr_par' dir='ltr' id='par_1_5' title="bbox 668 2657 2564 2740">
     <span class='ocr_line' id='line_1_21' title="bbox 668 2657 2564 2740; baseline 0.001 -21"><span class='ocrx_word' id='word_1_150' title='bbox 668 2658 743 2720; x_wconf 90' lang='lat' dir='ltr'><strong>In</strong></span> <span class='ocrx_word' id='word_1_151' title='bbox 794 2658 1026 2721; x_wconf 91' lang='lat' dir='ltr'><strong>isthmo</strong></span> <span class='ocrx_word' id='word_1_152' title='bbox 1080 2657 1268 2739; x_wconf 92' lang='lat' dir='ltr'><strong>plane</strong></span> <span class='ocrx_word' id='word_1_153' title='bbox 1318 2659 1530 2722; x_wconf 88' lang='lat' dir='ltr'><strong>medio</strong></span> <span class='ocrx_word' id='word_1_154' title='bbox 1582 2659 1747 2722; x_wconf 91' lang='lat' dir='ltr'><strong>inter</strong></span> <span class='ocrx_word' id='word_1_155' title='bbox 1793 2669 2125 2740; x_wconf 87' lang='lat' dir='ltr'><strong>utramque</strong></span> <span class='ocrx_word' id='word_1_156' title='bbox 2168 2659 2564 2739; x_wconf 88' lang='lat' dir='ltr'><strong>provinciam</strong></span> 
     </span>
    </p>

    <p class='ocr_par' dir='ltr' id='par_1_6' title="bbox 495 2757 2567 3233">
     <span class='ocr_line' id='line_1_22' title="bbox 495 2757 2565 2839; baseline -0.001 -18"><span class='ocrx_word' id='word_1_157' title='bbox 495 2785 558 2821; x_wconf 86' lang='lat'><strong>20</strong></span> <span class='ocrx_word' id='word_1_158' title='bbox 585 2757 707 2820; x_wconf 92' lang='lat' dir='ltr'><strong>sita</strong></span> <span class='ocrx_word' id='word_1_159' title='bbox 764 2769 862 2821; x_wconf 95' lang='lat' dir='ltr'><strong>est</strong></span> <span class='ocrx_word' id='word_1_160' title='bbox 931 2779 1046 2820; x_wconf 90' lang='lat' dir='ltr'><strong>arx</strong></span> <span class='ocrx_word' id='word_1_161' title='bbox 1106 2757 1300 2839; x_wconf 10' lang='lat' dir='ltr'><strong>longe*</strong></span> <span class='ocrx_word' id='word_1_162' title='bbox 1361 2758 1824 2838; x_wconf 89' lang='lat' dir='ltr'><strong>augustissima,</strong></span> <span class='ocrx_word' id='word_1_163' title='bbox 1889 2779 2076 2839; x_wconf 91' lang='lat' dir='ltr'><strong>quam</strong></span> <span class='ocrx_word' id='word_1_164' title='bbox 2139 2759 2348 2820; x_wconf 90' lang='lat' dir='ltr'><strong>ferunt</strong></span> <span class='ocrx_word' id='word_1_165' title='bbox 2410 2758 2565 2822; x_wconf 91' lang='lat' dir='ltr'><strong>olim</strong></span> 
     </span>
     <span class='ocr_line' id='line_1_23' title="bbox 580 2855 2566 2938; baseline -0.001 -18"><span class='ocrx_word' id='word_1_166' title='bbox 580 2855 894 2920; x_wconf 90' lang='lat' dir='ltr'><strong>struxisse</strong></span> <span class='ocrx_word' id='word_1_167' title='bbox 946 2856 1276 2920; x_wconf 91' lang='lat' dir='ltr'><strong>Omasium</strong></span> <span class='ocrx_word' id='word_1_168' title='bbox 1326 2858 1647 2937; x_wconf 88' lang='lat' dir='ltr'><strong>quendam</strong></span> <span class='ocrx_word' id='word_1_169' title='bbox 1697 2857 2035 2938; x_wconf 88' lang='lat' dir='ltr'><strong>gigantem,</strong></span> <span class='ocrx_word' id='word_1_170' title='bbox 2086 2867 2300 2919; x_wconf 87' lang='lat' dir='ltr'><strong>vastae</strong></span> <span class='ocrx_word' id='word_1_171' title='bbox 2357 2857 2566 2936; x_wconf 87' lang='lat' dir='ltr'><strong>molis,</strong></span> 
     </span>
     <span class='ocr_line' id='line_1_24' title="bbox 581 2954 2567 3037; baseline 0 -19"><span class='ocrx_word' id='word_1_172' title='bbox 581 2975 800 3037; x_wconf 89' lang='lat' dir='ltr'><strong>parem</strong></span> <span class='ocrx_word' id='word_1_173' title='bbox 831 2955 940 3032; x_wconf 91' lang='lat' dir='ltr'><strong>illi,</strong></span> <span class='ocrx_word' id='word_1_174' title='bbox 967 2954 1337 3035; x_wconf 44' lang='lat' dir='ltr'><strong>*quicunque</strong></span> <span class='ocrx_word' id='word_1_175' title='bbox 1366 2955 1498 3031; x_wconf 88' lang='lat' dir='ltr'><strong>fuit,</strong></span> <span class='ocrx_word' id='word_1_176' title='bbox 1532 2956 1807 3017; x_wconf 91' lang='lat' dir='ltr'><strong>hominis</strong></span> <span class='ocrx_word' id='word_1_177' title='bbox 1851 2965 2153 3032; x_wconf 87' lang='lat' dir='ltr'><strong>monstr0,</strong></span> <span class='ocrx_word' id='word_1_178' title='bbox 2188 2956 2366 3021; x_wconf 85' lang='lat' dir='ltr'><strong>euius</strong></span> <span class='ocrx_word' id='word_1_179' title='bbox 2403 2957 2567 3018; x_wconf 91' lang='lat' dir='ltr'><strong>duos</strong></span> 
     </span>
     <span class='ocr_line' id='line_1_25' title="bbox 582 3053 2567 3135; baseline 0.001 -19"><span class='ocrx_word' id='word_1_180' title='bbox 582 3054 1181 3117; x_wconf 88' lang='lat' dir='ltr'><strong>dentesmaxillares</strong></span> <span class='ocrx_word' id='word_1_181' title='bbox 1204 3074 1240 3115; x_wconf 95' lang='lat' dir='ltr'><strong>e</strong></span> <span class='ocrx_word' id='word_1_182' title='bbox 1262 3064 1454 3134; x_wconf 92' lang='lat' dir='ltr'><strong>puteo</strong></span> <span class='ocrx_word' id='word_1_183' title='bbox 1467 3054 1742 3135; x_wconf 90' lang='lat' dir='ltr'><strong>quodam</strong></span> <span class='ocrx_word' id='word_1_184' title='bbox 1765 3053 2275 3134; x_wconf 90' lang='lat' dir='ltr'><strong>Cantabrigiensi</strong></span> <span class='ocrx_word' id='word_1_185' title='bbox 2296 3054 2567 3117; x_wconf 88' lang='lat' dir='ltr'><strong>effossos</strong></span> 
     </span>
     <span class='ocr_line' id='line_1_26' title="bbox 584 3153 1740 3233; baseline -0.001 -17"><span class='ocrx_word' id='word_1_186' title='bbox 584 3153 730 3229; x_wconf 90' lang='lat' dir='ltr'><strong>vidi,</strong></span> <span class='ocrx_word' id='word_1_187' title='bbox 763 3153 871 3215; x_wconf 88' lang='lat' dir='ltr'><strong>vix</strong></span> <span class='ocrx_word' id='word_1_188' title='bbox 899 3153 1178 3215; x_wconf 89' lang='lat' dir='ltr'><strong>humano</strong></span> <span class='ocrx_word' id='word_1_189' title='bbox 1208 3153 1411 3233; x_wconf 91' lang='lat' dir='ltr'><strong>capite</strong></span> <span class='ocrx_word' id='word_1_190' title='bbox 1441 3153 1740 3215; x_wconf 78' lang='lat' dir='ltr'><strong>minores·</strong></span> 
     </span>
    </p>

    <p class='ocr_par' dir='ltr' id='par_1_7' title="bbox 498 3250 2571 3726">
     <span class='ocr_line' id='line_1_27' title="bbox 498 3250 2569 3332; baseline 0 -18"><span class='ocrx_word' id='word_1_191' title='bbox 498 3271 561 3322; x_wconf 83' lang='lat'><strong>25</strong></span> <span class='ocrx_word' id='word_1_192' title='bbox 672 3252 925 3315; x_wconf 87' lang='lat' dir='ltr'><strong>Scilicet</strong></span> <span class='ocrx_word' id='word_1_193' title='bbox 947 3252 1049 3313; x_wconf 93' lang='lat' dir='ltr'><strong>hic</strong></span> <span class='ocrx_word' id='word_1_194' title='bbox 1072 3251 1313 3331; x_wconf 90' lang='lat' dir='ltr'><strong>primus</strong></span> <span class='ocrx_word' id='word_1_195' title='bbox 1344 3251 1672 3331; x_wconf 92' lang='lat' dir='ltr'><strong>regionem</strong></span> <span class='ocrx_word' id='word_1_196' title='bbox 1692 3252 1869 3326; x_wconf 89' lang='lat' dir='ltr'><strong>hanc,</strong></span> <span class='ocrx_word' id='word_1_197' title='bbox 1895 3250 2041 3312; x_wconf 90' lang='lat' dir='ltr'><strong>olim</strong></span> <span class='ocrx_word' id='word_1_198' title='bbox 2066 3254 2184 3313; x_wconf 89' lang='lat' dir='ltr'><strong>sub</strong></span> <span class='ocrx_word' id='word_1_199' title='bbox 2208 3250 2257 3313; x_wconf 92' lang='lat' dir='ltr'>F</span> <span class='ocrx_word' id='word_1_200' title='bbox 2261 3252 2569 3332; x_wconf 87' lang='lat' dir='ltr'><strong>rugionae</strong></span> 
     </span>
     <span class='ocr_line' id='line_1_28' title="bbox 585 3340 2571 3433; baseline -0.001 -19"><span class='ocrx_word' id='word_1_201' title='bbox 585 3351 827 3414; x_wconf 92' lang='lat' dir='ltr'><strong>ditione</strong></span> <span class='ocrx_word' id='word_1_202' title='bbox 873 3351 1167 3433; x_wconf 91' lang='lat' dir='ltr'><strong>positam,</strong></span> <span class='ocrx_word' id='word_1_203' title='bbox 1212 3349 1479 3431; x_wconf 89' lang='lat' dir='ltr'><strong>subegit,</strong></span> <span class='ocrx_word' id='word_1_204' title='bbox 1528 3350 1710 3412; x_wconf 92' lang='lat' dir='ltr'><strong>eiecit</strong></span> <span class='ocrx_word' id='word_1_205' title='bbox 1757 3350 2006 3430; x_wconf 90' lang='lat' dir='ltr'><strong>priores</strong></span> <span class='ocrx_word' id='word_1_206' title='bbox 2055 3340 2312 3425; x_wconf 76' lang='lat' dir='ltr'><strong>incolas,</strong></span> <span class='ocrx_word' id='word_1_207' title='bbox 2367 3370 2571 3414; x_wconf 94' lang='lat' dir='ltr'><strong>novos</strong></span> 
     </span>
     <span class='ocr_line' id='line_1_29' title="bbox 585 3447 2570 3532; baseline -0.001 -19"><span class='ocrx_word' id='word_1_208' title='bbox 585 3451 858 3532; x_wconf 88' lang='lat' dir='ltr'><strong>populos</strong></span> <span class='ocrx_word' id='word_1_209' title='bbox 915 3449 1090 3512; x_wconf 93' lang='lat' dir='ltr'><strong>dedit</strong></span> <span class='ocrx_word' id='word_1_210' title='bbox 1148 3459 1210 3512; x_wconf 95' lang='lat' dir='ltr'><strong>et</strong></span> <span class='ocrx_word' id='word_1_211' title='bbox 1269 3448 1406 3512; x_wconf 91' lang='lat' dir='ltr'><strong>iura</strong></span> <span class='ocrx_word' id='word_1_212' title='bbox 1464 3469 1647 3513; x_wconf 90' lang='lat' dir='ltr'><strong>nova.</strong></span> <span class='ocrx_word' id='word_1_213' title='bbox 1755 3447 1954 3510; x_wconf 91' lang='lat' dir='ltr'><strong>Cuius</strong></span> <span class='ocrx_word' id='word_1_214' title='bbox 2016 3448 2290 3510; x_wconf 87' lang='lat' dir='ltr'><strong>animam</strong></span> <span class='ocrx_word' id='word_1_215' title='bbox 2347 3460 2570 3529; x_wconf 89' lang='lat' dir='ltr'><strong>putant</strong></span> 
     </span>
     <span class='ocr_line' id='line_1_30' title="bbox 587 3546 2570 3627; baseline -0.001 -17"><span class='ocrx_word' id='word_1_216' title='bbox 587 3547 1107 3612; x_wconf 90' lang='lat' dir='ltr'><strong>monstrosissimi</strong></span> <span class='ocrx_word' id='word_1_217' title='bbox 1174 3546 1342 3609; x_wconf 90' lang='lat' dir='ltr'><strong>alitis</strong></span> <span class='ocrx_word' id='word_1_218' title='bbox 1400 3546 1668 3608; x_wconf 87' lang='lat' dir='ltr'><strong>sormam</strong></span> <span class='ocrx_word' id='word_1_219' title='bbox 1725 3567 1941 3608; x_wconf 87' lang='lat' dir='ltr'><strong>errore</strong></span> <span class='ocrx_word' id='word_1_220' title='bbox 2005 3546 2423 3627; x_wconf 87' lang='lat' dir='ltr'><strong>Pythagorico</strong></span> <span class='ocrx_word' id='word_1_221' title='bbox 2482 3547 2570 3609; x_wconf 91' lang='lat' dir='ltr'><strong>in·</strong></span> 
     </span>
     <span class='ocr_line' id='line_1_31' title="bbox 589 3644 2567 3726; baseline -0.001 -16"><span class='ocrx_word' id='word_1_222' title='bbox 589 3649 822 3724; x_wconf 86' lang='lat' dir='ltr'><strong>duisse,</strong></span> <span class='ocrx_word' id='word_1_223' title='bbox 886 3665 1156 3726; x_wconf 89' lang='lat' dir='ltr'><strong>eumque</strong></span> <span class='ocrx_word' id='word_1_224' title='bbox 1215 3644 1556 3726; x_wconf 86' lang='lat' dir='ltr'><strong>quotannis</strong></span> <span class='ocrx_word' id='word_1_225' title='bbox 1611 3645 1733 3706; x_wconf 89' lang='lat' dir='ltr'><strong>hoc</strong></span> <span class='ocrx_word' id='word_1_226' title='bbox 1790 3644 2062 3721; x_wconf 90' lang='lat' dir='ltr'><strong>nomine,</strong></span> <span class='ocrx_word' id='word_1_227' title='bbox 2125 3644 2215 3708; x_wconf 88' lang='lat' dir='ltr'><strong>uti</strong></span> <span class='ocrx_word' id='word_1_228' title='bbox 2271 3645 2567 3723; x_wconf 81' lang='lat' dir='ltr'><strong>diximuS,</strong></span> 
     </span>
    </p>

    <p class='ocr_par' dir='ltr' id='par_1_8' title="bbox 503 3746 1316 3825">
     <span class='ocr_line' id='line_1_32' title="bbox 503 3746 1316 3825; baseline -0.006 -15"><span class='ocrx_word' id='word_1_229' title='bbox 503 3772 566 3825; x_wconf 70' lang='lat'><strong>30</strong></span> <span class='ocrx_word' id='word_1_230' title='bbox 590 3757 754 3809; x_wconf 86' lang='lat' dir='ltr'><strong>stato</strong></span> <span class='ocrx_word' id='word_1_231' title='bbox 781 3746 883 3809; x_wconf 91' lang='lat' dir='ltr'><strong>die</strong></span> <span class='ocrx_word' id='word_1_232' title='bbox 911 3754 1316 3808; x_wconf 87' lang='lat' dir='ltr'><strong>venerantur.</strong></span> 
     </span>
    </p>
   </div>
   <div class='ocr_carea' id='block_1_5' title="bbox 2826 26 2849 1869">
    <p class='ocr_par' dir='ltr' id='par_1_9' title="bbox 2826 26 2849 1869">
     <span class='ocr_line' id='line_1_33' title="bbox 2826 26 2849 1869; baseline 0 0"><span class='ocrx_word' id='word_1_233' title='bbox 2826 26 2849 1869; x_wconf 95' lang='lat' dir='ltr'><strong> </strong></span> 
     </span>
    </p>
   </div>
   <div class='ocr_carea' id='block_1_6' title="bbox 2831 2008 2844 2996">
    <p class='ocr_par' dir='ltr' id='par_1_10' title="bbox 2831 2008 2844 2996">
     <span class='ocr_line' id='line_1_34' title="bbox 2831 2008 2844 2996; baseline 0 0"><span class='ocrx_word' id='word_1_234' title='bbox 2831 2008 2844 2996; x_wconf 95' lang='lat' dir='ltr'><strong> </strong></span> 
     </span>
    </p>
   </div>
  </div>
 </body>
</html>
