2859 4342
555 398 631 440 1o
920 379 1320 442 MUNDUS
1376 379 1692 443 ALTER
1754 379 1870 440 ET
1931 379 2160 441 IDEM
2329 384 2533 461 [mm

551 536 1014 601 macilentiores
1054 538 1390 616 evaserint,
1423 557 1551 599 una
1581 557 1719 598 curn
1749 557 1940 599 carne
1968 537 2303 617 pristinum
2342 535 2535 597 hono·

547 656 682 699 rem
712 636 1078 699 amiserunt.

634 733 909 812 Plateae,
943 735 1114 815 quod
1143 735 1209 797 in
1239 746 1366 798 tam
1398 735 1716 797 incuriosa
1749 735 1907 796 urbe
1935 733 2211 796 mirabar
2239 733 2528 810 maxime,

545 842 779 894 stratae
842 853 1173 909 marmore,
1238 844 1368 896 tum
1430 834 1624 913 quod,
1681 833 1773 894 uti
1831 833 2278 909 coniectabam,
2342 832 2532 912 paulo

489 947 517 996 5
544 914 924 993 laboriosius
1001 931 1098 1008 sit,
1173 952 1382 1012 neque
1460 951 1727 1011 prorsus
1800 941 2009 992 careat
2080 931 2379 1012 perleulo,
2448 933 2534 991 ob

542 1027 1049 1108 inaequalitatem
1102 1029 1396 1109 lapidum,
1450 1030 1651 1109 pedes
1708 1028 1894 1091 altius
1953 1028 2217 1104 elevare,
2267 1039 2398 1089 tum
2441 1029 2530 1090 uti

539 1128 736 1188 sellae
787 1128 1146 1189 senatoriae
1196 1128 1443 1189 facilius
1498 1138 2032 1208 promoveantur:
2103 1148 2311 1208 neque
2362 1126 2529 1189 enim

541 1225 812 1305 pedibus
842 1246 1137 1305 unquam,
1172 1236 1279 1287 aut
1309 1225 1509 1306 equis,
1543 1236 1650 1286 aut
1681 1225 1936 1302 lecticis,
1972 1226 2277 1305 ponderis
2318 1246 2528 1301 causa,

542 1323 745 1387 forum
774 1334 1014 1403 petunt,
1042 1324 1144 1384 vel
1174 1324 1424 1403 publica
1457 1324 1763 1400 convivia,
1797 1324 1912 1385 sed
1943 1324 2121 1384 sellis
2152 1324 2528 1404 quibusdam

454 1451 517 1489 10
542 1421 960 1501 amplissimis,
1024 1421 1370 1482 rotularum
1428 1431 1698 1501 quatuor
1752 1423 1941 1503 gyris,
1998 1421 2116 1484 hac
2172 1422 2315 1483 illac
2365 1421 2526 1483 trahi

540 1520 749 1582 solent
774 1541 792 1598 3
855 1519 1230 1600 praesertim
1284 1521 1405 1580 hoc
1465 1521 1654 1581 modo
1713 1522 1972 1582 domurn
2029 1519 2337 1582 sedilibus
2394 1519 2528 1582 suis

539 1619 711 1680 affixi
742 1628 1038 1680 nutantes
1056 1628 1563 1699 'spumantesque
1593 1621 1999 1681 reducuntur.

619 1717 723 1779 Ad
770 1727 1038 1797 quatuor
1079 1717 1255 1778 urbis
1297 1726 1513 1796 portas
1558 1717 1820 1779 totidem
1865 1718 2133 1780 invicem
2183 1717 2392 1780 indies
2436 1740 2527 1780 se-

540 1817 692 1878 dent
744 1826 1074 1877 senatores
1133 1814 1641 1895 (‘Buscadores'
1687 1816 2048 1895 appellant),
2113 1816 2422 1880 intrantes
2465 1827 2526 1878 et

453 1930 510 1984 15
540 1920 850 1973 exeuntes
890 1930 1175 1990 quosque
1219 1910 1446 1971 sedulo
1482 1910 1889 1990 exploraturi,
1927 1921 2234 1973 exeuntes
2271 1911 2526 1991 quidem

539 2028 688 2069 num
719 2007 880 2070 forte
909 2008 1103 2070 ieiuni
1140 2008 1399 2088 prodire
1441 2009 1667 2083 ausint,
1704 2009 1874 2089 quod
1915 2031 1996 2071 ex
2025 2009 2266 2070 ventris
2297 2009 2526 2072 disten-

537 2107 720 2171 sione
763 2106 1055 2170 facillime
1106 2107 1449 2168 coniiciunt
1492 2110 1709 2186 (reque
1753 2108 1875 2168 iam
1920 2109 2325 2189 comprobata
2371 2129 2517 2171 reos

537 2206 773 2285 duplici
850 2226 1008 2268 cena
1086 2205 1389 2282 multant),
1463 2205 1773 2268 intrantes
1847 2227 1999 2269 vero
2077 2204 2229 2287 quid
2307 2228 2523 2269 secum

538 2303 743 2366 ferant
781 2305 1089 2365 reduces:
1141 2322 1259 2365 nec
1299 2303 1467 2364 enim
1508 2303 1653 2364 licet
1692 2303 1985 2383 cuiquam
2027 2314 2135 2365 aut
2170 2324 2299 2367 non
2334 2306 2524 2385 pleno

452 2431 515 2466 20
539 2412 760 2464 ventre
790 2403 966 2464 exire
994 2412 1101 2463 aut
1131 2400 1341 2463 redire
1373 2422 1501 2463 non
1533 2401 1723 2482 plena
1755 2422 1964 2464 manu.

621 2500 908 2580 Singulis
939 2500 1284 2577 mensibus,
1312 2501 1485 2580 quod
1507 2521 1587 2561 ex
1618 2499 1778 2581 legis
1809 2501 2201 2581 praescripto
2232 2502 2358 2563 illis
2393 2523 2521 2564 non

536 2598 748 2659 hercle
805 2598 1260 2661 reluctantibus
1318 2598 1630 2674 indicitur,
1695 2608 1856 2660 stata
1910 2599 2148 2678 agitant
2218 2600 2520 2677 convivia,

536 2698 764 2777 quibus
809 2708 1067 2777 praesto
1109 2698 1237 2759 sint
1288 2707 1538 2777 oportet
1589 2716 1813 2758 omnes
1851 2697 2025 2758 urbis
2063 2707 2408 2775 senatoreS,
2443 2700 2524 2761 de

534 2796 804 2875 publicis
840 2795 1116 2876 negotiis
1155 2795 1332 2857 finito
1373 2795 1497 2856 iam
1539 2796 1807 2875 prandio
1845 2796 1985 2873 (nec
2021 2797 2188 2857 enim
2231 2796 2375 2858 licet
2412 2798 2524 2859 im-

448 2917 472 2950 2
481 2914 507 2963 5
535 2914 772 2974 pranso
791 2892 1083 2974 cuiquam
1103 2894 1268 2956 ferre
1289 2894 1682 2973 suffragium)
1703 2893 2132 2956 deliberaturi.
2172 2894 2522 2975 Pythonos-

538 2991 738 3054 Come
769 2993 1088 3072 praetorio
1118 3012 1349 3053 nomen
1393 3002 1506 3053 est.
1598 2992 1838 3054 Sedem
1879 3012 2056 3054 suam
2103 2993 2371 3073 quisque
2410 3014 2520 3055 no·

534 3091 639 3152 vit.
729 3090 857 3152 Ubi
915 3102 1249 3172 postquam
1297 3111 1369 3151 se
1415 3089 1565 3151 vino
1624 3090 2013 3152 calidissimo
2063 3101 2124 3152 et
2170 3092 2521 3154 acrioribus

541 3190 967 3251 condimentis
1025 3189 1404 3269 paraverint,
1466 3207 1583 3249 suo
1644 3189 1913 3268 quisque
1969 3190 2194 3251 ordine
2251 3190 2520 3252 discum-

533 3288 709 3350 bunt.
796 3288 1088 3368 Cupedia
1116 3286 1484 3349 delicatiora
1525 3286 1587 3346 in
1630 3286 1833 3366 prima
1874 3308 2097 3349 mensa
2137 3308 2391 3370 semper
2418 3310 2518 3370 ap·

441 3414 507 3462 30
540 3393 865 3461 ponuntur
889 3403 905 3460 3
965 3383 1223 3444 stultum
1295 3380 1466 3444 enim
1537 3391 1760 3460 putant
1832 3381 2071 3460 optima
2137 3383 2518 3446 ferculorum

530 3500 660 3541 non
708 3481 983 3542 maximo
1031 3479 1309 3561 appetitu
1358 3485 1685 3541 devorare.
1777 3478 1834 3540 N
1844 3499 1916 3540 ec
1961 3479 2087 3541 illis
2136 3481 2298 3560 lieet,
2347 3484 2518 3562 quod

529 3579 716 3640 nobis
787 3579 1266 3640 usitatissimum
1339 3588 1452 3653 est,
1515 3596 1723 3658 aprOS,
1784 3597 1955 3656 oveS,
2016 3599 2258 3659 capras,
2319 3602 2519 3662 agnos

526 3676 735 3739 varias
766 3676 828 3736 in
858 3686 1073 3756 partes
1102 3676 1415 3738 dissectos
1454 3695 1776 3755 apponere
1798 3696 1815 3752 3
1859 3677 1993 3752 sed,
2034 3679 2202 3757 quod
2234 3698 2270 3739 a
2297 3679 2515 3740 veteri·
