2859 4342
644 425 727 503 84
1016 422 1418 486 MUNDUS
1478 421 1790 484 ALTER
1853 421 1967 484 ET
2031 422 2257 507 IDEM
2378 421 2541 504 [Lm.
2579 443 2654 485 ιν

646 581 825 658 erint,
887 580 974 642 ita
1027 589 1099 641 ut
1154 579 1467 660 flagrante
1525 578 1759 642 delicto
1815 578 1998 642 facile
2055 562 2649 660 deprehendantur,

643 680 947 760 vapulant
995 677 1180 741 illico.
1269 677 1563 741 Tandem
1613 677 1722 739 ubi
1764 677 2176 756 adoleverint,
2223 689 2333 741 aut
2387 691 2653 744 anatem

645 788 754 839 aut
781 796 1073 840 anserem
1111 786 1219 838 aut
1248 776 1399 857 quid
1429 776 1741 856 grandius
1783 775 1991 839 indies
2019 786 2272 857 oportet
2299 777 2652 858 suffurari3

649 896 767 939 nec
813 875 1070 956 impune
1114 873 1283 936 diem
1325 874 1705 955 transigunt,
1752 873 1818 936 in
1862 895 1989 954 quo
2040 894 2175 937 rem
2227 875 2655 939 domesticam

592 1000 621 1049 5
647 974 847 1038 nihilo
897 973 1214 1037 auxerint.
1300 973 1497 1050 Quod
1546 973 1601 1036 si
1651 973 1808 1035 satis
1854 973 2208 1036 constiterit
2249 995 2518 1056 operam
2570 980 2656 1039 ab

648 1073 807 1155 ipsis
836 1082 1132 1135 navatam
1155 1082 1435 1149 strenue,
1457 1091 1588 1133 non
1608 1091 1811 1151 aeque
1828 1071 2236 1149 successisse,
2256 1083 2367 1134 aut
2389 1074 2654 1153 glebam

647 1192 728 1234 ex
771 1191 927 1253 agro
957 1170 1184 1247 vicino,
1219 1180 1329 1233 aut
1372 1170 1687 1232 ramulum
1723 1168 2067 1254 surripiant
2105 1189 2374 1233 necesse
2414 1180 2533 1247 est,
2569 1191 2659 1234 ne

649 1270 811 1333 forte
840 1269 1284 1332 desuescendo
1314 1268 1470 1331 fiant
1501 1268 1867 1349 ineptiores·
1921 1333 1926 1337 ,

733 1367 867 1430 Sed
917 1368 1079 1430 haec
1128 1367 1193 1429 in
1244 1366 1403 1447 ipsis
1454 1366 1812 1429 Phenaciae
1854 1365 2091 1429 finibus
2131 1367 2476 1447 praecipue
2523 1388 2660 1430 cer-

565 1490 629 1527 10
651 1476 906 1540 nuntur,
940 1465 1106 1527 inter
1133 1485 1295 1545 quos
1326 1475 1391 1528 et
1423 1464 1736 1527 Larcinos
1776 1463 2088 1526 latissima
2115 1464 2322 1526 Vallis
2346 1463 2663 1545 Bugietta

649 1584 721 1627 se
778 1562 1075 1626 diffundit
1094 1585 1113 1642 ς
1171 1564 1252 1626 de
1308 1583 1436 1644 qua
1488 1582 1608 1626 suo
1664 1563 1805 1625 loco
1859 1561 2168 1644 pluribus,
2228 1574 2661 1645 posteaquam

612 1661 619 1667 ’
655 1660 966 1726 Larcinos
998 1661 1317 1726 Litorales
1346 1661 1572 1726 ordine
1599 1661 2149 1743 descripserimus.

795 1888 957 1952 CAP.
1004 1887 1132 1950 III.
1222 1886 1606 1948 eroRALEs
1652 1903 1731 1947 ΕΤ
1779 1885 2159 1948 INSULAm-:s
2205 1885 2500 1949 LARcmr

740 2062 832 2125 H1
872 2061 1009 2152 sive
1047 2060 1112 2122 in
1147 2059 1361 2123 Litore
1395 2059 1834 2140 Magellanico,
1869 2058 2005 2121 sive
2033 2059 2099 2119 in
2135 2058 2275 2138 ripa
2309 2068 2372 2120 et
2405 2057 2662 2123 Insulis

654 2158 1081 2241 Tryphonicis
1123 2158 1248 2220 late
1290 2157 1517 2238 sparsi,
1549 2156 1852 2238 amphibii
1894 2166 2064 2243 sunt,
2095 2176 2175 2219 eo
2207 2155 2477 2220 ditiores
2511 2159 2658 2221 reli·

567 2289 628 2339 ¹5
653 2258 798 2339 quis
827 2278 955 2338 quo
983 2265 1132 2319 sunt
1161 2255 1424 2337 reliquis
1451 2258 1910 2337 occupatiores

737 2354 947 2428 Nemo
1016 2364 1351 2416 nautarum
1425 2353 1906 2434 Europaeorum
1978 2353 2181 2433 magis
2248 2354 2436 2417 callet
2510 2354 2661 2421 istis

652 2454 939 2516 fluxuum
959 2462 1381 2532 tempestates,
1405 2463 1471 2514 et
1487 2452 1649 2514 situs
1667 2450 2302 2533 opportunitatesque
2318 2462 2652 2532 portuum,

651 2562 897 2630 ventos,
931 2561 1159 2632 syrteS,
1197 2550 1535 2631 scopulos;
1593 2570 1802 2629 neque
1844 2549 2056 2631 pisces
2098 2549 2221 2631 ipsi
2264 2560 2374 2612 aut
2416 2551 2661 2615 melius

654 2661 872 2714 natant
901 2659 1008 2712 aut
1037 2649 1299 2712 facilius·

568 2786 633 2822 ,ο
743 2748 988 2811 Primas
1044 2746 1147 2809 hic
1204 2747 1450 2810 obtinet
1500 2748 1728 2811 Portus
1780 2747 2046 2822 DuniuS,
2094 2747 2245 2811 villa
2301 2768 2432 2810 non
2489 2769 2661 2815 sane

655 2866 888 2925 magna
958 2866 1077 2908 nec
1147 2846 1310 2908 adeo
1373 2846 1634 2924 munita,
1694 2846 1809 2908 sed
1880 2847 2091 2908 audax
2161 2846 2530 2922 admodum,
2595 2859 2662 2912 et

654 2944 936 3007 omnium
1006 2943 1140 3007 fere
1203 2944 1536 3025 regionum
1593 2943 1818 3025 spoliis
1873 2945 1954 3006 ad
2012 2944 2383 3005 miraculum
2443 2965 2662 3026 usque

652 3043 851 3120 dives,
903 3042 1025 3104 sita
1082 3042 1148 3102 in
1202 3042 1344 3123 ipso
1392 3042 1631 3124 angulo
1679 3041 2032 3120 Larciniae,
2082 3061 2210 3123 quo
2261 3052 2432 3104 terra
2487 3043 2661 3107 haec

653 3141 1014 3204 interventu
1065 3139 1424 3221 Tryphonii
1486 3139 1798 3202 Fluminis
1857 3160 1896 3203 a
1953 3138 2256 3220 Crapulia
2311 3139 2661 3204 dirimitur.

566 3260 628 3310 25
660 3238 874 3301 Huius
918 3239 1068 3301 litus
1112 3238 1513 3319 magnetibus
1556 3259 1630 3301 ac
1672 3239 1935 3318 pulvere
1977 3237 2334 3317 magnetico
2376 3246 2655 3303 stratum

652 3337 882 3416 ferunt,
902 3356 1171 3418 quorum
1189 3337 1394 3400 virtus
1418 3357 1646 3400 navem
1669 3337 1752 3399 ad
1776 3357 1848 3399 se
1871 3336 2218 3417 quamlibet
2239 3336 2659 3403 remotiorem

560 3470 563 3473 ·
650 3435 843 3498 allicit
885 3436 1267 3516 retinetque.
1360 3436 1495 3499 Sed
1536 3456 1744 3516 neque
1781 3435 1998 3498 minus
2034 3434 2373 3516 proficiunt
2414 3448 2660 3501 nautae

655 3534 1031 3610 Duniorum,
1067 3534 1173 3614 qui
1201 3533 1401 3596 maria
1429 3553 1720 3614 quaeque
1749 3544 2079 3613 pererrant
2116 3553 2191 3596 ac
2226 3552 2423 3595 naves
2454 3534 2660 3616 longe

652 3634 787 3698 suis
829 3633 1204 3696 munitiores
1242 3632 1641 3695 adoriuntur.
1732 3631 1966 3694 Mirum
2006 3640 2105 3694 est
2144 3632 2358 3694 hercle
2391 3634 2659 3712 quoties

567 3762 630 3814 30
655 3733 827 3801 istos,
889 3732 991 3794 vel
1053 3742 1197 3812 post
1267 3729 1575 3810 imparem
1632 3748 1823 3810 saepe
1882 3749 2316 3810 congressum,
2379 3731 2660 3796 audacia
